4234 6084
1077 688 1137 747 101

439 867 670 951 θεοισεχθρία
694 874 725 931 et
750 872 882 932 similia.
906 872 976 933 Vid.
1002 873 1118 948 Cobet,
1144 874 1225 933 Nov.
1249 874 1324 935 lect.
1349 890 1379 949 p.
1405 876 1479 935 294.
1495 908 1534 917 -
1552 873 1764 934 Reddendum

483 986 542 1045 pro
565 973 747 1049 οεοσεχθρίο
770 972 935 1047 Archippo
959 975 1085 1034 cornico
1109 974 1140 1032 II
1164 975 1239 1048 752,
1266 975 1285 1033 2
1310 975 1349 1034 Μ.
1375 991 1450 1035 cum
1478 975 1623 1049 synizesi
1643 975 1707 1034 etsi
1732 974 1763 1033 in

483 1070 555 1143 θεός
579 1072 715 1133 comicis
736 1088 802 1133 non
827 1076 961 1136 usitata.

438 1174 488 1235 Ad
511 1172 716 1245 θεονόλος.
741 1173 788 1237 Oi.
813 1172 1002 1238 Meisterh.³
1026 1179 1102 1252 209,
1131 1180 1181 1238 11.

436 1269 679 1348 θεοπλάτττως·
705 1276 943 1353 δεισιδαιμόνως.
968 1279 1008 1337 Η.
1033 1279 1082 1338 Gl.
1109 1278 1221 1339 dorica
1244 1281 1303 1338 aut
1325 1278 1461 1339 aeolica.

437 1373 615 1438 θεοπτίαν·
651 1378 826 1452 θεοφανίαν
861 1381 894 1439 et
924 1380 1130 1450 θεοπτίας·
1163 1379 1249 1450 θείας
1279 1380 1419 1457 θεωρίας.
1444 1381 1484 1441 Η.
1506 1380 1555 1441 Gi.
1581 1381 1764 1441 (1011111111Ξ

482 1477 632 1553 tropico,
653 1478 802 1554 οεοψίοις,
825 1481 986 1541 vocabula
1009 1496 1174 1554 nusquam
1199 1481 1296 1542 lecta.

316 1584 411 1638 *rr-³⁸⁵·
440 1579 488 1638 Ad
519 1578 621 1650 θεός.
652 1579 733 1640 Sera
762 1580 911 1642 Galatiae
936 1584 1033 1643 inser.
1058 1578 1098 1642 n⁰
1125 1584 1187 1643 142
1212 1584 1245 1642 in
1268 1584 1382 1643 Journ.
1405 1583 1442 1643 of
1461 1582 1547 1642 Hell.
1573 1582 1664 1642 Stud.
1688 1582 1767 1642 XIX

484 1696 514 1755 p.
548 1681 588 1739 27
622 1683 809 1763 ...Zumpt
840 1680 932 1766 τείτῳ
964 1689 1040 1764 θεῷ
1079 1684 1217 1761 ονήμην,
1249 1684 1303 1744 ubi
1328 1685 1426 1746 deus
1450 1687 1588 1744 vocatur
1612 1698 1691 1758 puer
1714 1684 1764 1743 de-

483 1781 627 1841 functus.
663 1781 709 1842 Cf.
746 1784 931 1844 Andersoni
967 1789 1046 1845 nota
1072 1831 1078 1845 .
1106 1819 1144 1827 -
1178 1785 1270 1846 Infra
1304 1786 1368 1846 vid.
1403 1784 1571 1860 ὕψιστος
1604 1782 1697 1855 θεός
1732 1790 1767 1845 et

484 1898 584 1958 supra
608 1881 853 1959 ἐπικο-ύριος.

439 1980 627 2067 θεράπηνα
651 1985 1059 2066 boeotice=oepdnarvaa
1084 1989 1138 2049 GD
1164 1990 1178 2047 I
1202 1990 1283 2049 Add.
1308 2006 1338 2063 p.
1363 1990 1437 2050 389.

316 2105 411 2160 τινα
441 2079 745 2166 [θερμερόνεσθαν
770 2088 974 2164 σεμνύνεσθαι
997 2090 1089 2159 (Poll.
1115 2091 1158 2150 Vl
1185 2092 1259 2158 185)
1282 2091 1392 2151 exime
1416 2091 1542 2150 lexicis.
1564 2090 1684 2150 Veram
1705 2090 1766 2151 lec·

483 2191 609 2249 tionem
631 2194 762 2264 praeter
782 2192 859 2252 Hes.
879 2192 1027 2252 servavit
1045 2192 1189 2252 Pollucis
1208 2192 1277 2252 cod.
1299 2192 1407 2252 Falclr.
1429 2191 1474 2251 ci.
1496 2190 1600 2265 Kock‚
1622 2191 1660 2251 ir.
1682 2206 1766 2251 com·

484 2291 595 2365 adesp.
623 2288 731 2370 1017.]

438 2387 716 2473 θερμοκὲντριον.
759 2391 881 2455 Theod.
925 2395 1103 2455 Balsamon
1138 2394 1262 2453 XXVII
1301 2397 1315 2453 1
1353 2393 1490 2466 (Herna,
1527 2391 1632 2451 Wien.
1673 2390 1765 2451 Stud.

484 2492 576 2552 XXV
604 2494 687 2562 190).

438 2589 734 2678 θερμολοοτὴριος
750 2630 788 2639 -
811 2596 916 2673 δόμος,
940 2598 1147 2657 balneum.
1177 2590 1302 2660 Theod.
1331 2594 1510 2655 Balsamon
1533 2593 1641 2653 XXVI
1664 2596 1684 2654 4
1709 2593 1730 2654 l.
1744 2594 1764 2653 l.

439 2692 699 2778 θερμοπώλιον,
732 2715 797 2759 non
826 2703 1067 2777 οεομοττωλεῖον,
1102 2704 1154 2760 est
1188 2699 1380 2759 Plautinum
1415 2695 1763 2769 thermopolium,

488 2798 558 2859 Vid.
584 2814 611 2859 8.
634 2816 662 2859 v.
688 2797 962 2877 ἑφθοπώλιον,
984 2800 1266 2859 παντοπώλιον
1289 2804 1352 2861 etc.

443 2902 492 2960 Ad
516 2902 743 2978 θεομονθίς
768 2906 812 2972 (et
835 2903 978 2981 θίβεις)
1002 2903 1041 2963 cf.
1067 2902 1208 2963 Thumb.
1236 2903 1298 2962 112
1324 2900 1409 2971 (W.).

441 2998 608 3082 θερμοῦν.
639 3006 696 3063 Ar.
728 3004 803 3077 Lys.
832 3005 916 3065 1078
940 3020 988 3077 sq.
1020 3004 1107 3065 Bene
1135 3004 1303 3079 expedivit
1326 3019 1356 3062 v.
1382 3002 1542 3062 Leeuwen
1566 3001 1599 3059 in
1623 2999 1767 3060 editione

487 3117 549 3162 sua
571 3104 681 3164 locum
706 3104 875 3165 difficilem
899 3111 930 3166 et
955 3109 1217 3167 controversum.

317 3224 416 3279 maer.
445 3205 494 3265 Ad
517 3205 833 3282 θεομοφύλοινιες.
858 3206 990 3282 corrige
1014 3208 1079 3267 225
1107 3224 1165 3283 pro
1189 3208 1242 3283 22,
1267 3208 1297 3267 8.

439 3307 489 3366 Ad
512 3304 720 3367 θέσσαντο.
744 3307 921 3368 Praeterea
944 3308 984 3369 ci.
1009 3304 1244 3382 πανάθεστος·
1268 3308 1367 3365 πάντα
1391 3303 1600 3383 ἀπαραίτητος.
1624 3304 1665 3363 Η.

317 3431 412 3487 epm
438 3404 624 3489 θεώματα·
656 3407 691 3467 τὰ
721 3409 988 3487 περικαθαρτήρια.
1013 3410 1053 3469 H.
1086 3411 1114 3469 A
1140 3409 1237 3469 verbo
1264 3406 1361 3483 θεόον,
1383 3406 1468 3480 quod
1491 3421 1550 3480 pro
1572 3404 1666 3464 θειότο
1692 3408 1765 3477 (or),

484 3509 651 3569 sulfuro
674 3511 831 3571 tribuitur
855 3511 987 3571 Araroti
1011 3511 1044 3569 in
1071 3510 1137 3571 BA.

439 3603 599 3693 θησὺρὸς
633 3611 979 3689 οταίνοεοησονρός.
1011 3611 1083 3671 Vid.
1115 3611 1202 3671 inira
1232 3628 1259 3673 s.
1284 3628 1310 3671 c.
1343 3608 1520 3679 πέλανος.
1554 3605 1765 3682 significatur

484 3713 517 3772 in
548 3713 610 3773 hoc
641 3715 738 3774 titulo
762 3714 908 3775 arcula
930 3714 1112 3773 nummis
1135 3712 1401 3788 recipiendis
1424 3710 1648 3769 destinata
1670 3713 1765 3777 lver-

485 3814 603 3874 naculo
627 3830 781 3876 sermone
805 3815 1021 3885 offertus).

441 3909 606 3998 θηβαίαι.
641 3915 687 3976 De
721 3917 879 3991 singulari
915 3916 1095 3976 mulierum
1130 3914 1349 3975 thebanarum
1382 3914 1505 3973 vestim
1539 3912 1766 3971 semiticarum

484 4019 628 4091 speciem
660 4018 824 4078 referente
855 4018 985 4093 legatur
1019 4016 1213 4077 Dicaearchi
1244 4016 1302 4075 vit.
1327 4015 1482 4075 Graeciae
1505 4014 1623 4088 fragm.
1646 4029 1677 4087 p.
1704 4013 1765 4072 128

484 4133 532 4192 sq.
557 4119 606 4179 ed.
632 4119 714 4179 Gaii.

440 4221 490 4281 Ad
512 4221 663 4299 θήγειν.
695 4222 823 4281 Libanii
847 4222 899 4283 Or.
926 4222 972 4281 XI
998 4225 1015 4293 5
1042 4221 1103 4281 191
1129 4218 1184 4296 τὴν
1206 4222 1337 4298 γλῶτταν
1364 4216 1406 4288 εἰς
1428 4216 1461 4276 τὸ
1486 4220 1637 4276 συνειπεῖν
1659 4219 1767 4295 τεθηγ-

485 4320 578 4398 μένον.
603 4321 650 4383 Cf.
675 4323 771 4398 Soph.
797 4324 846 4383 Αἰ.
872 4325 948 4384 584.

440 4418 699 4507 θήκάτηιετῇ
725 4418 844 4506 Ἑκάτῃ.
876 4423 946 4485 cIA
976 4425 1021 4484 IV
1048 4427 1063 4484 1
1090 4425 1120 4499 1),
1152 4426 1228 4499 422,
1263 4439 1294 4483 n.
1320 4423 1339 4481 3
1368 4427 1465 4490 (saec.
1490 4420 1533 4479 VI
1557 4435 1586 4481 a.
1611 4419 1668 4489 0.).
1693 4419 1766 4479 Mei·

485 4518 605 4586 eterlr.³
629 4527 680 4601 72,
706 4530 736 4586 4.

441 4627 491 4687 Ad
514 4631 716 4704 θητιοποεῖ
722 4650 746 4685 ν.
770 4628 907 4689 Temere
930 4629 1035 4690 editor
1059 4629 1193 4703 corrigit
1216 4624 1522 4705 τεθηκοποιημένων.

440 4724 526 4811 θην,
547 4743 601 4789 res
621 4729 749 4789 venalis
768 4731 881 4805 Ignota
896 4730 1008 4791 iuncta
1027 4746 1102 4791 curn
1117 4746 1189 4790 voc.
1211 4728 1318 4806 μέλον,
1337 4731 1636 4789 atramentum.
1657 4726 1767 4788 Greni.

486 4830 851 4906 umsfflam

319 4968 351 5012 ις.
365 4954 415 4998 m.
442 4927 626 5015 θηπαλέα·
646 4934 727 5002 (cod.
741 4938 831 5011 θητ.)·
851 4935 1029 5010 θαυμαστά,
1046 4932 1191 5008 ψευδέσιν
1211 4932 1307 5010 ὅμοια.
1321 4932 1361 4993 Η.
1382 4930 1429 4992 Cf.
1443 4930 1531 4991 idem
1549 4925 1766 5005 θηπαλὲος·

485 5033 655 5111 βωμολόχος
679 5039 712 5095 et
737 5035 954 5111 Hipponactis
978 5036 1016 5096 ir.
1045 5037 1084 5094 14
1107 5035 1256 5110 θήπων.

442 5130 584 5217 ’θήραςο
618 5134 860 5197 Vocabulorum
894 5138 943 5196 sic
968 5137 1225 5211 compositorum
1257 5134 1397 5195 XXVIII
1420 5132 1573 5207 exempla
1595 5133 1769 5192 enumerat

443 5291 449 5302 .
486 5234 731 5314 Charitonldes,
756 5242 869 5314 Ἀθηνᾶ
893 5237 952 5296 XV
976 5253 1007 5313 p.
1032 5238 1108 5297 327.
