4234 6084
995 698 1036 763 ab

351 878 520 966 βατιακή,
550 880 659 957 poculi
688 896 792 955 genus
822 882 899 950 (vid.
930 880 1065 960 lexica),
1102 888 1383 947 commemoratur
1416 888 1450 946 in
1474 887 1572 949 titulo
1595 885 1680 950 BOH

400 988 499 1047 1890.
525 1002 555 1060 p.
581 984 657 1045 412.

351 1082 620 1169 purpurariam,
644 1086 799 1145 viridis
823 1087 873 1156 (ci.
898 1087 1072 1166 βατράχειος
1096 1090 1130 1149 iu
1152 1090 1295 1167 lexicis),
1319 1093 1357 1152 ut
1376 1098 1504 1170 χρυσοῦς
1524 1094 1586 1153 010.
1607 1091 1678 1154 014

396 1192 428 1251 ll
453 1191 517 1251 753
542 1190 567 1249 Β
598 1189 654 1262 23;
687 1189 718 1247 ΙΙ
745 1190 784 1249 12
816 1190 891 1256 (344
916 1204 945 1249 0.
970 1190 1015 1260 (l.)
1047 1184 1230 1253 Meisterh.³
1254 1194 1308 1269 42,
1322 1194 1353 1253 3.
1385 1194 1479 1254 Unde
1502 1194 1679 1268 quominus

396 1292 613 1366 Aristophani
647 1290 702 1364 Eo.
735 1292 800 1351 523
832 1292 988 1352 reddatur
1018 1292 1205 1370 βαπτόμενος
1235 1296 1490 1374 βατραχειοῑς
1520 1296 1680 1371 impedire

396 1394 526 1455 videtur
549 1392 698 1468 syllabae
720 1393 759 1468 εἳ,
784 1407 851 1453 non
874 1408 972 1453 verae
995 1394 1206 1471 diphthongi,
1231 1399 1361 1458 natura.

237 1523 256 1566 ς.
270 1509 319 1552 rso.
350 1493 486 1579 βαυβᾱν
506 1496 639 1556 nonnisi
659 1495 698 1555 de
712 1495 799 1555 coitu
812 1497 1000 1569 usurpatur.
1015 1494 1061 1556 01.
1079 1496 1260 1575 Dieterich,
1274 1499 1434 1574 Philolog.
1448 1514 1477 1560 a.
1494 1500 1589 1574 1893,
1603 1514 1634 1574 p.
1648 1500 1678 1560 4.

347 1599 400 1659 Ad
424 1595 595 1676 βαυβών.
619 1597 742 1656 Eodem
766 1611 868 1656 sensu
891 1593 955 1672 dio
964 1620 1014 1672 μα
1038 1602 1177 1673 usurpat
1200 1599 1294 1661 Plato
1319 1602 1466 1662 comicus
1489 1601 1522 1661 in
1542 1600 1581 1660 ir.
1606 1602 1679 1677 174,

397 1703 437 1762 18
458 1700 498 1760 K.
522 1699 615 1760 Idem
638 1698 785 1758 libidinis
811 1698 1074 1760 instrumentum
1098 1701 1235 1762 innuere
1258 1703 1389 1764 videtur
1410 1703 1529 1777 fragm.
1553 1717 1680 1763 comoe-

394 1803 467 1863 diae
502 1801 638 1876 veteris,
667 1800 809 1861 fortasse
840 1801 1116 1879 Aristophanem,
1149 1804 1182 1863 in
1212 1820 1286 1880 pap.
1318 1805 1460 1879 Oxyrrh.
1490 1804 1555 1864 vol.
1584 1804 1678 1864 Hir.

398 1905 459 1964 123
484 1919 532 1978 sq.
558 1901 605 1964 Ol.
630 1903 769 1977 Lysistr.
796 1904 857 1962 108
883 1918 931 1977 sq.
956 1904 1372 1981 01110011011101.1111.
1397 1907 1462 1968 320
1486 1906 1526 1966 K.

350 2001 695 2088 βὸἑλλιον-βδίλλα.
734 2005 827 2065 llich.
863 2006 993 2067 Psellus
1024 2022 1072 2066 vs.
1110 2007 1166 2067 18]
1204 2009 1362 2069 carminis
1392 2008 1531 2084 sceptici
1554 2007 1679 2068 editis

399 2107 628 2182 Sternbachio,
665 2107 773 2168 Wien.
808 2108 900 2168 Stud.
925 2108 1034 2167 XXIV
1065 2124 1095 2183 p.
1123 2109 1163 2169 10
1187 2124 1256 2184 sqq.
1289 2104 1503 2171 Bdellium
1526 2108 1680 2170 hebraice

399 2212 533 2272 bdela.

353 2310 577 2396 βεβαιώτρια,
609 2309 645 2395 ἡ.
677 2312 729 2371 ΡΒ
754 2312 818 2371 994
843 2311 892 2370 ill
918 2313 934 2371 7
960 2315 999 2381 (a.
1025 2310 1057 2372 0.
1085 2313 1171 2375 113.)
1202 2311 1311 2373 Groui.
1344 2313 1500 2382 1128is)
1526 2305 1570 2390 [3]
1599 2313 1614 2370 1
1639 2315 1680 2382 (a.

399 2418 433 2478 0.
462 2418 545 2487 107).
571 2414 617 2475 01.
642 2414 923 2492 βεβαιωτῆρες.

353 2520 405 2580 Ad
428 2515 683 2598 βεβλαβότας.
705 2514 838 2589 0011183
862 2512 1029 2592 ἔβλαφότας
1052 2531 1110 2591 pro
1134 2514 1333 2594 βεβλαφότας.

237 2652 259 2694 g.
275 2639 325 2682 151.
355 2618 491 2703 βείκος,
515 2620 647 2680 vicus.
672 2617 774 2678 Tituli
796 2617 882 2687 (77.1.

354 2724 406 2785 Ad
429 2721 671 2801 βειλόμενος.
696 2718 743 2779 01.
767 2720 900 2779 Meister
923 2720 938 2779 1
963 2720 1037 2780 220.
1064 2721 1128 2780 259
1153 2722 1187 2780 01
1209 2719 1292 2780 adde
1315 2718 1369 2780 01)
1394 2718 1470 2794 737,
1485 2719 1516 2780 9.

355 2826 489 2900 corrige
537 2819 640 2906 βὲκος
662 2836 721 2897 pro
745 2818 859 2903 βεκός.

356 2923 532 3008 βὲλταεος.
558 2924 804 2987 0171001010.
829 2922 919 2986 1111.
944 2923 1028 2983 Phil.
1055 2924 1152 3000 1399,
1177 2925 1242 2984 534
1267 2923 1353 2994 (11.1.

237 3034 325 3093 3162
354 3026 509 3106 Βὲνετοι,
533 3025 693 3088 Veneti.
718 3026 770 3087 ΡΟ
793 3027 854 3086 152
887 3031 927 3096 (3.
953 3025 1028 3096 618)
1059 3032 1113 3085 τοῦ
1137 3024 1262 3085 ἱππικοῦ
1286 3020 1420 3103 pfolede)
1446 3019 1577 3083 Βενὲτων
1606 3024 1680 3095 (fac-

400 3132 503 3194 tionis
525 3130 693 3198 Venetae).

354 3236 406 3295 Ad
449 3229 762 3313 βενεφικιάριος.
804 3229 919 3290 Plures
962 3230 1051 3291 locos
1093 3229 1226 3304 collegit
1259 3228 1412 3302 Wossely
1446 3227 1553 3288 Wien.
1590 3227 1681 3289 Stud.

402 3335 510 3397 XXIV
532 3351 563 3411 p.
591 3335 664 3394 125.

352 3434 537 3521 Bega-(otior.
568 3437 755 3497 Primorum
783 3434 1050 3496 Ptolemaeorum
1073 3437 1183 3496 aetate
1207 3436 1339 3510 propter
1361 3432 1534 3493 mendacia
1555 3431 1589 3490 in
1612 3421 1705 3505 pro·'

402 3541 513 3601 verbio
548 3541 621 3601 erat
655 3536 924 3612 Antiphanes
958 3537 1182 3611 Bergaeus.
1218 3534 1265 3596 01.
1298 3532 1404 3593 strab.
1436 3532 1511 3592 112
1541 3547 1572 3605 p.
1600 3532 1680 3606 104;

401 3643 514 3717 steph.
546 3642 624 3715 Byz.
655 3655 682 3700 s.
706 3655 737 3699 v.
771 3634 880 3717 Βέργη,
911 3636 967 3698 ubi
998 3637 1098 3698 habet
1121 3636 1259 3697 verbum
1290 3629 1683 3713 βεργαΐζειν--μηδὲν

401 3738 514 3820 ἀληθὲς
543 3738 646 3820 λέγειν.
679 3740 830 3801 Feliciter
861 3739 896 3800 0.
930 3738 1067 3799 Orusius
1096 3738 1250 3812 Eripho
1285 3737 1410 3797 comico
1441 3735 1480 3796 11.
1512 3736 1542 3811 2,
1578 3734 1618 3794 13
1642 3735 1682 3796 X.

400 3846 478 3905 hinc
497 3842 646 3905 restituit
667 3844 788 3919 Βεργαῖε
807 3846 876 3917 (pro
895 3837 1028 3919 βέρβεια(
1046 3839 1231 3916 πολυτίμητε.
1244 3838 1346 3898 —De
1365 3838 1482 3899 eodem
1494 3835 1684 3912 Antiphane

401 3948 441 4009 ci.
467 3945 602 4022 seymni
626 3942 697 4004 01111
721 3943 831 4004 locum
855 3958 922 4004 vss.
949 3943 1013 4003 652
1038 3957 1109 4015 sqq.

355 4051 407 4110 Ad
431 4046 632 4127 Βερενίκη.
656 4044 702 4106 01.
727 4040 913 4107 1131313111.1
936 4046 978 4108 69
1003 4048 1021 4117 ἓ
1045 4045 1174 4120 32,19..

354 4151 407 4213 Ad
430 4148 669 4226 βεστιάριος.
690 4145 736 4206 01.
768 4145 1018 4225 βεστιαρίτος
1042 4148 1076 4206 et
1099 4144 1174 4222 -ίτη
1199 4160 1248 4220 ap.
1273 4142 1565 4219 11333311,111311.
1590 4143 1682 4205 stud.

402 4252 511 4313 XXIV
534 4269 564 4327 p.
592 4252 665 4311 125.

354 4350 534 4436 βετρανός,
558 4355 798 4412 veteranus.
823 4349 922 4409 Tituli
947 4349 1033 4420 (17.1.
1058 4350 1168 4409 Etiam
1192 4348 1308 4423 papyri
1330 4363 1401 4422 aeg.

355 4450 526 4537 βεύτιστον
546 4478 588 4503 --
608 4449 768 4531 βέλτιστον.
799 4451 849 4510 PL
880 4452 934 4527 63,
960 4452 1001 4513 26
1031 4455 1072 4521 (a.
1097 4450 1131 4511 0.
1160 4452 1244 4519 166).
1280 4448 1328 4511 01.
1365 4445 1506 4524 aines,
1539 4445 1684 4525 εὖθῆν,

402 4552 601 4615 &devaret

356 4658 407 4719 Ad
441 4654 603 4735 βέφυρα.
645 4656 798 4717 30001100
828 4656 846 4715 ir
877 4656 976 4716 breve
1011 4656 1114 4716 fuisse
1145 4653 1319 4715 ostendere
1349 4653 1480 4713 videtur
1514 4651 1685 4713 Strattidis

400 4758 620 4835 11.47,5Κ.,
644 4757 699 4817 ubi
723 4757 840 4818 vocula
863 4753 907 4832 δέ,
931 4756 1041 4818 deleta
1064 4758 1104 4817 ab
1129 4754 1322 4831 editoribus,
1347 4770 1444 4829 aegre
1467 4754 1684 4831 desideratur,

400 4864 437 4922 ut
459 4860 697 4921 animadvertit
721 4859 863 4934 Blaydes
886 4858 1025 4919 Advers.
1050 4876 1080 4935 p.
1106 4860 1159 4920 89.

354 4963 406 5023 Ad
440 4961 620 5042 βήρηκες.
655 4961 901 5022 Grammaticus
931 4960 1075 5021 scribere
1106 4961 1264 5021 debuerat
1293 4956 1476 5037 βαράκια.
1500 4957 1573 5018 Vid.
1601 4955 1687 5016 inira

400 5080 428 5125 s.
452 5079 485 5123 v·
509 5061 637 5141 πάραξ
661 5063 695 5123 in
718 5062 826 5124 lexico
850 5064 884 5122 et
907 5064 940 5121 in
965 5062 1155 5136 appendice.

356 5162 517 5249 Βηρίδες·
541 5161 721 5243 ὑποδήματα
744 5160 763 5223 t
786 5160 870 5242 ἡμεῖς
895 5160 1027 5242 ἐμβάδας
1051 5160 1184 5243 λέγομεν.
1201 5164 1242 5224 Η.
1263 5161 1310 5223 01.
1331 5159 1520 5240 περιβαρίδες
1542 5161 1598 5220 Ar.
1611 5160 1688 5233 Lyn.

404 5270 458 5329 45.
483 5269 524 5330 47
551 5269 587 5329 01
610 5265 697 5328 alibi.
