4234 6084
988 685 1027 746 21

387 865 592 948 βουλευτηρίῳ
612 864 726 945 δέχοιτο
745 867 798 929 τδν
817 870 922 932 πόνον.
943 872 995 932 01.
1009 870 1037 928 V
1050 873 1134 931 extr.
1148 863 1216 928 Ἀλλ’
1232 866 1300 928 ἰδού
1313 876 1371 927 νῦν
1381 889 1414 948 με
1426 864 1669 948 ἀποδεδώκαμεν.

387 965 434 1026 Cf.
460 966 513 1026 Or.
539 967 585 1026 IX
605 971 623 1040 ἓ
642 970 661 1027 3
683 967 799 1046 βέλτιον
821 968 877 1051 γάρ
902 969 1072 1042 ἀποδόντας
1095 974 1232 1030 τελευτᾶν
1254 968 1307 1030 τὸν
1326 969 1395 1047 βίον
1418 966 1438 1047 ἣ
1461 965 1645 1045 ὀφείλοντας.

341 1068 393 1128 Ad
417 1062 629 1145 ἀποδόμεν.
660 1070 706 1133 Gi.
728 1073 783 1133 Ar.
797 1074 873 1147 Lys.
890 1075 984 1148 1163,
1014 1073 1069 1133 uhi
1093 1071 1224 1133 Brunclr
1248 1072 1395 1132 restituit
1418 1087 1475 1147 pro
1499 1069 1667 1150 ἀποδῶμεν.

342 1170 395 1231 Ad
420 1167 648 1250 ἀποδόχιον.
670 1172 801 1249 corrigo
822 1175 898 1250 Pap.
924 1176 1004 1236 Rev.
1030 1176 1083 1251 31,
1101 1174 1125 1233 l.
1155 1175 1211 1247 193
1237 1174 1341 1248 32,2;
1368 1173 1488 1249 54,18.

337 1267 503 1334 ἀποδύειν
538 1274 729 1349 plerumque
764 1276 895 1351 quidem
931 1279 970 1338 de
1000 1276 1202 1338 amiculis
1233 1274 1386 1351 (ἱματίοις,
1416 1276 1505 1346 sirn.)
1534 1291 1666 1350 usurpa·

385 1381 450 1448 tur,
478 1369 611 1438 ἐκδύειν
646 1378 685 1437 δε
716 1379 879 1439 tunicis
909 1379 1049 1453 aliisque
1084 1375 1263 1455 luitperto,
1297 1391 1357 1438 nec
1391 1379 1505 1438 tamen
1536 1393 1667 1453 semper

386 1480 448 1539 hoo
485 1480 663 1539 discrimen
701 1481 849 1541 obtinere
888 1482 983 1542 docet
1012 1484 1068 1541 Ar.
1105 1481 1180 1553 Lys.
1218 1479 1301 1539 1021
1338 1494 1423 1553 squ,
1460 1480 1514 1539 uti
1550 1477 1666 1539 ἐνδύσω

385 1583 418 1640 et
442 1576 558 1639 ἀπέδυν
581 1582 727 1641 intereo
751 1585 969 1658 opponuntur.
998 1581 1133 1642 Fallitur
1157 1598 1186 1640 ν.
1201 1581 1362 1640 Leeuwen
1382 1580 1422 1640 ad
1442 1580 1575 1641 Thesm.
1590 1584 1664 1658 666,

386 1683 440 1743 ubi
460 1682 548 1743 male
569 1684 702 1758 corrigit
714 1681 881 1760 ἀμελοόσνς
893 1701 950 1761 pro
962 1682 1128 1754 ἀποδύσας.
1144 1683 1213 1742 Vid.
1227 1682 1313 1742 inira
1324 1697 1351 1741 s.
1367 1697 1396 1741 v.
1417 1679 1532 1753 ἐξοπο
1543 1683 1560 1740 δ
1569 1682 1665 1742 όειν.

237 1802 308 1858 μνᾶ.
337 1781 487 1867 ἀποζῆν.
513 1785 561 1845 Ad
585 1786 698 1846 Liban.
724 1785 777 1846 Or.
803 1785 849 1845 ill
873 1788 891 1857 ἓ
915 1787 978 1846 253
1003 1788 1088 1847 extr.
1112 1783 1169 1845 ούκ
1192 1781 1308 1861 ἀποζῆν
1326 1782 1444 1862 παρέχει
1464 1783 1573 1861 μόνον,
1591 1782 1666 1844 ἀλλὰ

384 1883 435 1944 καὶ
458 1881 523 1960 μεθ’
550 1880 665 1963 ἡδονῆς
688 1887 879 1964 προστίθησι.
1732 1901 1736 1907 ’

334 1982 514 2070 uxorum,
537 1987 781 2049 divortium.
814 1988 923 2048 Grenf.
948 1988 979 2047 ll
1003 1990 1112 2063 7619
1138 1986 1319 2067 6181361516
1343 2004 1372 2063 p.
1398 1987 1444 2058 0.)
1468 2005 1544 2050 curn
1566 1990 1663 2050 verbo

382 2087 604 2167 ἀποζευμνύναι
628 2090 649 2149 l.
675 2092 712 2149 4:
736 2086 924 2166 ἀποζεῦχθαι
946 2091 1015 2160 (eie)
1039 2088 1183 2167 ἀλλήλων.

334 2191 388 2251 Ad
411 2187 597 2266 ἀπόησεν.
623 2190 669 2251 Oi.
695 2191 828 2251 Meister
852 2191 884 2250 Ii
909 2191 962 2251 30.

334 2285 606 2365 ἀπύδαλλοςά).
627 2291 678 2351 ΡΒ
696 2292 770 2368 892,
786 2292 828 2352 20
860 2288 1036 2352 ἀπόστειλον
1067 2289 1101 2352 δέ
1123 2314 1174 2369 μοι
1198 2290 1230 2352 δν
1254 2291 1332 2369 τάχει
1355 2290 1390 2351 τὰ
1412 2288 1557 2370 ἡμικάδια
1580 2307 1663 2369 εϋτος

386 2393 422 2461 ll)
447 2400 497 2468 τῆς
521 2390 678 2472 ἔλεονργοῦ
704 2396 735 2465 (i.
749 2410 776 2455 e.
798 2392 985 2474 ἐλαιουργοῦ)
1005 2403 1057 2473 τῆς
1077 2392 1255 2455 ἀποθαλλου
1271 2396 1352 2465 (sic).
1373 2397 1425 2456 An
1444 2393 1504 2457 ἀπὸ
1523 2380 1665 2459 tullos?

385 2493 546 2555 Neutrum
571 2476 735 2572 intellego.

336 2590 618 2679 ἀποκοιτογε111αι
631 2621 672 2646 =
687 2594 928 2678 ἀποκαοειιγοῑοι.
949 2597 1011 2658 Tit.
1033 2597 1139 2658 boeot.
1161 2614 1247 2659 saec.
1270 2596 1317 2656 ΙΙΙ
1329 2613 1359 2658 a.
1373 2596 1406 2658 6.
1420 2601 1504 2660 extr.
1518 2600 1562 2660 16
1574 2601 1662 2677 Sept.

386 2697 400 2755 1
425 2698 522 2773 eros,
540 2700 589 2759 ra.
615 2699 686 2759 vra.
711 2696 907 2760 ποτῇ.

237 2835 308 2889 393,
338 2794 682 2883 ἀποκροιπαληομύς
704 2817 762 2877 pro
785 2798 901 2881 -ιομός
924 2801 1067 2861 correxit
1091 2800 1181 2860 Koolr
1201 2799 1240 2860 fr.
1260 2816 1344 2861 com.
1366 2800 1476 2876 adesp.
1498 2804 1573 2863 946.

338 2896 552 2981 ἀποκρότοις,
576 2903 828 2976 praefracte.
855 2902 964 2963 Groui.
990 2903 1097 2978 1189,
1122 2904 1160 2975 3;
1185 2903 1273 2979 90,6
1298 2901 1484 2972 (saecli).

338 3002 391 3061 Ao
425 3001 624 3061 Ἀπόλλων.
658 3003 730 3065 Vid.
763 3005 865 3065 etiam
899 3003 1079 3063 Ἀπείλον
1109 3005 1142 3063 et
1175 2999 1213 3064 of.
1246 3004 1378 3064 Meister
1401 3004 1416 3063 Ι
1440 3004 1515 3065 216.
1547 3005 1578 3064 11
1608 3008 1661 3068 90.

389 3104 461 3163 111.
487 3104 561 3164 212.
587 3105 662 3165 291.

336 3198 513 3286 ἀπολογία
553 3205 758 3266 hellenistice
782 3229 823 3253 =
844 3202 1052 3284 ἀποισμσμός.
1097 3204 1233 3280 lGSopt.
1269 3206 1366 3266 2426.
1413 3206 1459 3266 Oi.
1495 3207 1663 3270 Lebadeae

383 3307 434 3366 nt.
465 3304 549 3366 see
579 3306 671 3367 xxv
700 3323 731 3381 p.
757 3305 1116 3382 scamonium
1145 3304 1335 3385 εποιομιν]
1362 3307 1494 3382 supplet
1519 3307 1660 3371 curtius.

383 3407 526 3481 Hesych.
551 3404 833 3488 ἀπολομισμός·
858 3406 1014 3487 ἀπολομί.

237 3537 305 3592 ,ομ
335 3502 502 3570 ἀπολύειν
530 3502 733 3593 ύποδὴκην,
765 3509 935 3570 solvere
967 3508 1263 3583 hypothecam.
1288 3509 1340 3569 ΡΟ
1368 3510 1416 3569 ΙΙΙ
1445 3512 1659 3586 609,16.61.

383 3610 403 3670 l.
431 3612 470 3670 19
494 3611 580 3669 λύσιν
602 3610 783 3688 ποιούμενος
806 3617 858 3687 τῆς
880 3607 1052 3688 ὑποθήκης.

335 3706 571 3793 ἀπύμοικτρον.
595 3711 667 3772 Vid.
691 3712 777 3773 infra
799 3727 826 3771 e.
852 3727 882 3773 ν.
908 3709 1090 3787 uxorein.

336 3813 387 3872 Ad
418 3811 625 3892 ἀπόμοιρα.
657 3813 739 3874 nod.
771 3813 937 3875 Chalcidis
960 3813 1011 3873 tit.
1037 3827 1066 3873 a.
1093 3810 1125 3872 (l.
1150 3812 1326 3872 446-401
1352 3813 1386 3873 in
1409 3814 1546 3890 Ephem.
1570 3818 1659 3879 arch.

386 3917 481 3993 1902,
516 3933 547 3993 p.
572 3918 613 3977 31
638 3917 663 3977 Β
696 3920 716 3979 9
751 3915 780 3989 ἐς
810 3915 961 3995 ἀπύμετρα
992 3915 1110 3995 δίκρεας
1144 3910 1312 3992 λαμβανέτο
1343 3919 1488 3992 (ετ-τοο),
1523 3917 1543 3977 1.
1568 3932 1595 3978 e.
1629 3915 1661 3979 ἐν

383 4018 560 4096 προσθήκης
583 4015 673 4097 μέρει.

237 4153 305 4206 ,μμ
335 4119 387 4179 Ad
410 4116 619 4197 ἀπόμοιρα.
643 4120 726 4181 ndu.
750 4119 843 4181 nott.
867 4135 955 4194 pap,
983 4118 1034 4178 ubi
1059 4118 1124 4181 vid.
1149 4117 1297 4178 Indicem
1320 4118 1361 4179 X.

334 4221 386 4281 Ad
418 4214 632 4297 ἀπομωλῆι.
663 4222 716 4282 LG
741 4222 783 4282 VI
808 4223 867 4295 26;
898 4220 946 4279 IX
971 4220 1022 4295 18,
1055 4219 1109 4279 ubi
1140 4222 1229 4279 recte
1252 4219 1349 4280 Blass
1378 4213 1662 4301 ,τάπομάχηται,

381 4322 456 4385 (1.1.
481 4322 686 4398 leugues&

333 4418 614 4506 ἀ<πο>ξοοτὴμ,
645 4424 906 4484 instrumentum
937 4423 1169 4497 chirurgicum.
1202 4421 1276 4484 (lod.
1304 4424 1401 4484 Laur.
1423 4425 1476 4500 74,
1491 4425 1521 4484 2.
1545 4425 1660 4487 Herm.

381 4524 438 4600 68,
463 4540 493 4600 p.
519 4525 594 4587 281.
620 4525 666 4586 Gi.
691 4521 883 4597 ἀπόξοσις
908 4526 942 4585 in
965 4525 1082 4586 lexico.

334 4625 387 4685 Ad
410 4623 635 4687 ἀποτείνειν.
659 4627 706 4688 Cf.
731 4627 885 4688 Philostr.
911 4627 942 4686 II
966 4628 990 4687 Ε
1016 4628 1148 4703 253,20
1172 4626 1256 4697 (W.).

334 4722 622 4807 ἀποπιπμάσκειν.
646 4729 814 4790 Thesauro
838 4745 866 4790 s.
891 4746 921 4790 ν.
947 4730 1029 4790 adde
1051 4725 1305 4806 ἀπεπέρασεν.
1329 4728 1414 4789 Plut.
1439 4744 1531 4804 prov.
1553 4731 1637 4798 54.†

334 4829 387 4890 Ad
408 4826 719 4889 &coarteretur
744 4832 779 4891 In
805 4847 945 4893 censura
966 4832 1033 4892 mei
1054 4831 1154 4892 toxici
1177 4832 1211 4892 L.
1236 4830 1326 4892 Cohn
1350 4834 1446 4907 putat
1469 4832 1503 4891 in
1525 4832 1660 4905 papyris

379 4931 608 5005 corrigendum
642 4948 716 4993 esse
748 4931 1020 5014 ἀποπεπλημμένου
1055 4938 1089 4995 et
1122 4930 1402 5012 ἀποπεπλημμένης.
1437 4935 1481 4994 nt
1504 4930 1659 5009 ἀποπλήσ-

379 5037 487 5093 σεσθαι
521 5049 587 5095 non
621 5037 730 5111 magis
764 5051 864 5109 quarn
894 5032 1136 5112 tuoullnrotm,
1170 5036 1255 5109 quod
1290 5036 1412 5111 sciam,
1448 5034 1660 5095 moriendi

378 5150 479 5197 sensu
503 5138 653 5197 occurrit.
679 5138 834 5198 Fortasse
857 5140 969 5197 autem
994 5151 1187 5211 comparare
1210 5137 1287 5198 licet
1310 5138 1490 5199 formulam
1512 5138 1658 5199 καταπλέ-

379 5260 443 5300 κειν
465 5238 517 5299 τὸν
540 5239 623 5318 βίον,
647 5243 683 5301 ut
705 5236 930 5299 ἀποπλέκεσθαι
952 5240 999 5299 sit
1021 5239 1114 5310 (vita)
1138 5239 1323 5313 defungi.
