4234 6084
1093 708 1134 767 io

297 909 418 966 Pau-258·
447 893 595 978 ἔκτίμος.
630 896 708 956 Hes,
744 891 889 970 ἕκτιμα·
926 890 960 950 τὰ
995 890 1187 969 ίπιτεταμένα
1221 902 1257 975 τῇ
1287 901 1364 975 τιμῇ.
1405 891 1452 953 ci.
1484 889 1619 968 ἕκτιμᾶν,
1649 891 1772 951 valde

487 999 716 1070 honorare;
743 991 1139 1071 αοοίταπάιιμάζειν
1163 994 1261 1069 Soph.
1285 993 1333 1054 El.
1359 994 1434 1054 235.

443 1094 671 1177 ἑκτινάσοειν,
706 1098 911 1158 excutere
942 1097 1152 1173 purgandi
1183 1095 1339 1171 (pulvere)
1375 1110 1513 1156 causa.
1545 1095 1597 1155 PB
1629 1094 1704 1168 827,
1731 1094 1770 1152 21

487 1199 569 1278 ἔπεχε
594 1209 629 1283 τῇ
653 1198 732 1281 οἰκία
756 1220 829 1274 μον,
853 1195 1002 1257 ίκτίνασσε
1026 1195 1062 1257 τά
1084 1196 1149 1276 ἔρια
1172 1195 1224 1257 καλ
1247 1196 1282 1255 τὰ
1305 1197 1415 1275 ἱμάτια.

443 1296 588 1377 ἑκτινός·
614 1299 781 1371 ἀποδιδοὺς
806 1299 955 1377 τιμωρίας.
980 1300 1020 1361 Η.
1046 1300 1118 1361 Vid.
1143 1297 1303 1360 ἐκτινάναι.

444 1400 614 1487 ἐκτιστής·
642 1400 800 1479 άποδότης.
826 1402 866 1462 Η.

443 1502 694 1588 ἑκτιτρώσκειν,
718 1502 880 1586 ἕκτρωμα
903 1507 981 1565 sunt
1004 1506 1114 1565 ionica
1137 1504 1283 1579 (Herod,
1310 1504 1475 1579 Hippocr.)
1503 1506 1537 1563 et
1568 1495 1774 1562 hellenis'tica

488 1608 563 1669 inde
583 1607 623 1668 ab
645 1607 839 1679 Aristotele,
861 1607 964 1667 attica
983 1600 1269 1688 (ἐξλαμβλίσκειν,
1289 1598 1483 1686 ἄμβλωσις,
1499 1598 1772 1686 ἀμβλοδμίδτον.

488 1708 534 1770 Ol.
567 1709 717 1769 Rutheri.
750 1710 871 1784 Phryn.
906 1725 937 1784 p.
964 1709 1028 1769 288
1053 1724 1117 1783 sq.,
1140 1709 1194 1781 qui
1218 1723 1284 1767 non
1311 1707 1478 1768 intellexit
1501 1707 1579 1766 Hes.
1605 1720 1631 1765 s.
1657 1720 1687 1764 v.
1712 1701 1774 1780 ἀμ-

488 1811 658 1889 βλύσκηι
683 1804 911 1889 (lupellum),
939 1810 1024 1870 unde
1048 1813 1186 1885 apparet
1209 1809 1401 1883 Sophoclem
1426 1823 1568 1883 quoque,
1593 1807 1626 1865 in
1650 1807 1773 1866 Andro·

486 1913 584 1974 meda
614 1909 768 1990 ἀμβλίσκει
802 1912 946 1987 dedisse,
997 1928 1063 1973 non
1096 1910 1293 1991 ἐκτιτρώσκει,
1330 1911 1415 1984 quod
1450 1925 1548 1971 namo
1583 1909 1771 1969 Atticorum

487 2014 676 2089 usurpavit,
703 2016 737 2074 et
762 2013 827 2074 vid.
852 2009 1074 2091 ἕξαμβλεῑν.

444 2110 639 2196 ἐκτομὰδα·
671 2107 750 2186 εἶδος
782 2112 915 2192 δόρατος.
941 2115 981 2174 Η.
1006 2112 1135 2175 collato
1166 2111 1371 2191 διποτομάδ
1379 2131 1410 2173 α·
1435 2110 1577 2174 ἀκόντιον
1599 2110 1772 2173 πεντάθλου

489 2217 580 2289 (Poll.
604 2217 652 2277 III
680 2218 753 2287 151)
777 2218 833 2293 Η.,
866 2218 912 2277 ita
942 2216 1094 2277 Schmidt
1123 2217 1283 2291 correxit,
1312 2232 1369 2292 pro
1393 2213 1562 2293 λκτομάδια.
1585 2215 1678 2275 Idem
1702 2229 1772 2275 voc.

488 2317 652 2395 significat
683 2317 913 2397 περικεφαλαία,
943 2308 979 2394 ἧς
1011 2317 1042 2376 οί
1063 2313 1219 2394 ὀφθαλμοί
1243 2316 1465 2393 διαλάμπουσιν
1488 2320 1523 2378 et
1546 2321 1583 2387 (S.
1608 2332 1639 2378 v.
1664 2314 1773 2395 ῥῶγας)

487 2420 587 2498 θυρίς.
611 2419 657 2481 ili.
684 2421 764 2482 Aen.
789 2420 880 2481 Tact.
906 2434 975 2494 cap.
1002 2420 1043 2478 24
1068 2421 1102 2478 et
1126 2419 1178 2479 28.
1206 2418 1278 2479 Vid.
1302 2419 1460 2480 Thesaur.

444 2516 594 2604 ἐκφύειν
607 2546 648 2572 =
662 2520 825 2601 ἕκτρύχειν,
848 2519 1017 2599 ε’κτραχοῦν.
1042 2521 1180 2596 Appian.
1194 2522 1230 2581 B.
1244 2520 1277 2582 C.
1292 2522 1323 2581 ΙΙ
1338 2524 1410 2583 166.
1436 2522 1509 2582 Huc
1527 2521 1670 2596 pertinet
1693 2520 1772 2581 Hes,

488 2625 530 2699 gl.
563 2622 815 2702 ἐκτρυωθείς·
847 2622 993 2701 φθαρείς,
1025 2622 1054 2682 si
1086 2623 1314 2697 corrigendum
1341 2620 1560 2700 ἒκτροθείς.
1593 2621 1640 2683 cf.
1661 2622 1772 2697 Cobet,

488 2724 569 2786 liov.
594 2725 669 2787 lect.
694 2741 724 2800 p.
753 2726 816 2785 148
841 2740 888 2799 sq.

444 2820 597 2909 ἑκτδφειν
632 2827 798 2900 antiquior
831 2826 940 2888 forma
970 2841 1028 2901 pro
1059 2822 1211 2900 ἐκτυφοῦν
1247 2825 1393 2900 (Polybo.
1425 2826 1506 2887 Hes,
1542 2824 1773 2903 ἐκτυφῆναι·

488 2925 703 3006 ἕκιυφωθῆναι
731 2929 783 2999 (ci.
815 2928 992 2990 Menander
1019 2928 1052 2987 in
1077 2927 1203 2988 scholio
1227 2927 1267 2987 ad
1290 2928 1365 2988 Eur.
1389 2928 1511 2989 Phoen.
1537 2929 1650 3001 1160);
1675 2925 1772 2988 ἐκτε-

487 3029 694 3106 θύμμεθα·
718 3027 929 3110 ἕκτοφώμεθα.

443 3126 551 3212 ἕκτωρ
575 3132 825 3208 appellativum.
851 3132 1002 3208 Sapphus
1026 3131 1064 3191 ir.
1092 3132 1152 3192 157
1178 3130 1263 3201 (Wl.

443 3226 668 3315 ἐκφέρεσθαι.
694 3234 766 3296 Vid.
790 3251 817 3296 s.
839 3252 870 3295 v.
896 3230 1078 3311 εἰσέχειν.

297 3346 415 3403 paparo
443 3327 654 3416 ἐκροινῑξιιι·
692 3336 857 3413 alpaidem
891 3342 958 3412 (pro
989 3332 1164 3414 ἀναγνῶναι
1195 3336 1363 3407 Abresch).
1392 3337 1438 3399 cf.
1463 3339 1538 3400 Eur.
1563 3338 1684 3398 Phoen.
1709 3337 1768 3409 41;

487 3437 557 3511 [ph.
584 3437 619 3498 T.
645 3438 720 3499 259.

441 3538 491 3598 Ad
523 3536 722 3618 ἐκφόρεον.
754 3540 882 3601 Nubem
913 3540 1142 3616 exemplorum
1166 3542 1301 3615 praebet
1324 3541 1415 3602 Tebt.
1440 3556 1638 3618 papyrorum
1667 3540 1769 3601 Index

486 3638 546 3699 VII
570 3656 596 3702 s.
618 3658 650 3702 v.
677 3676 716 3685 -
742 3642 789 3703 cf.
814 3643 841 3703 J.
867 3641 901 3704 (l.
926 3641 1034 3703 Naber
1056 3643 1090 3703 in
1114 3643 1237 3703 Archiv
1262 3642 1294 3702 II
1316 3658 1346 3717 p.
1371 3644 1412 3704 37
1438 3658 1486 3718 sq.

442 3734 599 3823 ἔκφορος.
624 3742 696 3804 Vid.
721 3740 919 3823 ἀποφοραὶ.

441 3836 648 3925 &apollion
679 3844 837 3914 (Meineke
868 3861 926 3922 pro
957 3842 1147 3921 ἐκφολοὶοαι)Ι
1179 3843 1334 3908 tuendam.
1364 3845 1404 3907 H.
1429 3847 1537 3908 Minus
1559 3846 1770 3923 probabiliter

447 3967 449 3969 ·
486 3944 635 4005 Schmidt
660 3943 824 4020 ἐκφυλάξω
849 3947 1016 4022 corrigens
1040 3948 1183 4023 spectari
1206 3950 1302 4023 putat
1325 3949 1423 4025 Soph.
1449 3949 1484 4010 0.
1509 3948 1542 4009 O.
1568 3949 1642 4009 285.

441 4046 491 4106 Ad
515 4042 620 4124 ἐκχεῖ
628 4070 653 4104 ν.
678 4047 759 4108 Add.
782 4047 860 4108 Hes.
886 4045 1044 4126 ἐξέχεαν
1070 4046 1193 4128 ὅρκια·
1217 4042 1282 4110 οἷον
1305 4046 1490 4129 παρέβησαν.
1514 4051 1562 4112 el.
1585 4052 1723 4126 poetica.

441 4140 615 4228 ἑκχιλοῦν.
647 4148 727 4209 Hes.
764 4145 1067 4227 ἐκκεχιλωμίνη·
1104 4148 1268 4230 ἕψομμὲνη,
1310 4149 1562 4232 ἕκκεχερσεομίνη.
1605 4151 1652 4212 Οί.
1689 4153 1767 4213 Pau·

486 4250 598 4310 sanias
623 4265 672 4325 ap.
695 4250 845 4313 Eustath.
874 4269 904 4328 p.
934 4254 998 4314 773
1026 4260 1064 4332 γῆ
1096 4251 1323 4332 ἕκκεχιλωμένη,
1353 4256 1462 4316 nihil
1495 4256 1581 4316 nisi
1605 4255 1767 4316 herbam

486 4350 644 4413 ferens.

441 4448 668 4535 ἑκχοιριλοῦν.
704 4454 782 4517 ΗΘΒ.
816 4450 1200 4536 Ἐκκεχοιριλωμίνη
1236 4459 1369 4529 (cratin.
1406 4461 1437 4521 ΙΙ
1468 4477 1498 4536 p.
1538 4461 1599 4521 199
1632 4460 1694 4528 Μ.).
1730 4456 1766 4518 οὐ

486 4554 629 4634 Χοιρίλον
660 4547 745 4616 οὖσα.
773 4552 957 4641 Ἐκφαντίδῃ
988 4556 1044 4637 γὰρ
1076 4568 1115 4641 τῷ
1150 4571 1270 4644 κωμικῷ
1304 4562 1443 4639 Χοιρίλος
1473 4563 1618 4639 θεράπων
1649 4552 1703 4637 ἦν,
1734 4555 1766 4631 ὃς

485 4656 636 4717 συνεποίει
664 4656 807 4737 <αὐ>τῷ
831 4659 997 4744 κωμῳδίας.
1023 4660 1071 4721 cf.
1096 4658 1197 4722 Cobet
1221 4663 1379 4724 MnemOS.
1405 4663 1452 4722 III
1476 4679 1508 4724 n.
1535 4667 1554 4725 5
1578 4680 1608 4739 p.
1635 4664 1709 4723 294.

441 4758 574 4833 Corrige
598 4755 858 4838 ίκχωννύναι.
1177 4838 1179 4843 Ι

441 4862 554 4919 EA:
571 4862 632 4920 ΕΝ
653 4864 730 4923 ante
754 4868 792 4922 Λ.
816 4856 999 4926 Meisterh.⁸
1026 4868 1086 4927 111
1108 4868 1138 4929 d.

438 4956 506 5025 ἔλα
529 4965 599 5034 (ati.
626 4961 710 5041 είλη)·
736 4962 831 5042 ἥλιος,
855 4963 949 5045 αὐγή,
973 4975 1082 5045 καῦμα.
1108 4968 1261 5041 Λάκωνες.
1286 4971 1326 5032 Η.

438 5059 554 5148 ἔλαβα
575 5090 616 5115 =
638 5064 755 5145 ἔλαβον.
790 5068 842 5128 ΡΒ
878 5069 999 5145 623,9
1034 5067 1127 5149 ἕλαβα
1162 5066 1295 5149 βτατικὲν
1330 5070 1411 5151 παρὰ
1446 5072 1608 5150 Καίσαρος.
1640 5072 1764 5133 Ibidem

484 5170 559 5246 814,
585 5172 615 5245 6,
652 5169 705 5229 ubi
737 5170 869 5246 ponitur
899 5186 957 5246 pro
989 5168 1157 5251 ἐπριάμην,
1187 5176 1223 5234 ut
1253 5175 1378 5250 passim
1404 5175 1540 5236 verbum
1565 5177 1766 5250 usurparunt

484 5272 600 5333 eomcii
623 5272 727 5334 attici.
753 5307 793 5315 —
819 5273 866 5335 cf.
890 5264 971 5352 ἧλθα
996 5276 1029 5335 et
1052 5275 1178 5337 similia
1200 5275 1308 5337 multa
1330 5278 1415 5353 apud
1439 5278 1618 5353 sequiores.
