4234 6084
1108 693 1169 751 198

516 877 651 952 Berard,
678 877 740 937 Les
768 878 869 939 Phen.
895 882 929 938 et
952 879 1034 939 l'Od.
1056 879 1071 937 Ι
1094 894 1124 953 p.
1150 877 1215 938 426
1236 892 1283 949 sq.
1309 876 1365 935 eit.
1390 888 1478 934 voce.
1503 872 1658 931 semitica
1680 871 1798 931 ketor

515 977 612 1047 (unde
653 978 765 1056 κίιαρις
808 980 879 1039 sive
921 978 1049 1057 κίδαρις)
1091 983 1124 1040 et
1159 979 1360 1040 kouteret
1394 990 1453 1036 seu
1488 973 1670 1034 koutera
1703 972 1797 1043 (unde

520 1078 671 1154 Κύθηρα),
696 1094 780 1153 quae
803 1081 905 1140 etiam
930 1082 1142 1155 comptum
1166 1080 1334 1140 denotent.

472 1175 624 1262 Σκάψιος
647 1182 679 1240 et
704 1176 904 1263 Σκαψιαίος.
930 1182 1095 1243 Meisterh.
1125 1184 1185 1242 114
1211 1182 1229 1250 ἐ
1254 1182 1306 1255 25,
1331 1180 1362 1240 5.

325 1284 385 1341 1³⁸8·
399 1268 446 1329 ⁷4⁶·
475 1276 696 1364 σκεπάσθην·
721 1286 936 1359 θερμανθῆναι
960 1277 1221 1363 (στεγασθῆναιί).
1247 1282 1286 1342 Η.

472 1379 650 1455 exerenda
673 1381 1093 1466 (σκεπηνόςδεσκειιανός.
1118 1386 1197 1446 Hes,
1230 1380 1384 1442 εὔδιον·
1409 1376 1445 1441 ὃν
1472 1376 1558 1457 ἡμεῖς
1585 1376 1798 1438 σκειιεινὸν

515 1482 618 1544 τόττον.
639 1485 730 1545 Idem
751 1482 993 1563 ὑπηνέμονς·
1019 1487 1198 1563 σκετιηνούς.
1220 1485 1266 1546 cf.
1288 1484 1384 1544 ΕΗΒ.
1399 1499 1429 1544 v.
1453 1479 1632 1559 ἀμφίδυμοι.
1656 1480 1799 1555 Scymno

518 1584 595 1645 chio
618 1600 668 1645 vs,
690 1586 755 1646 335
778 1585 860 1669 τιοίσρ
883 1584 1042 1663 σκειτεινὴν
1066 1603 1123 1662 pro
1147 1586 1244 1663 πάσης
1268 1582 1445 1660 σκλειιεινὴν
1466 1583 1535 1653 (sic)
1559 1582 1702 1644 reddidit
1720 1582 1798 1641 Lon·

518 1686 671 1758 gneviile.

472 1782 610 1866 οιιερος·
646 1785 868 1864 αι’δοιοίεικιής.
901 1789 942 1849 Η.
977 1789 1069 1849 Idem
1101 1784 1341 1871 σκερολίγγες·
1372 1784 1536 1845 ίαικασιαί.
1567 1779 1798 1863 dodrantem).

517 1886 564 1946 Cf.
589 1887 764 1961 lingere.

327 1996 445 2051 Pus-⁷⁴⁶·
473 1989 562 2069 σκῆν
576 1984 628 2066 (2)·
654 1986 671 2046 ὅ
694 2010 770 2059 τινες
793 1986 847 2065 μὲν
871 1990 989 2068 ψυχήν,
1012 1987 1090 2063 τινὲς
1114 1987 1147 2051 δὲ
1169 1990 1331 2067 φάλαιναν.
1355 1990 1396 2049 Η.

474 2089 678 2170 σκηνοῦσι
692 2090 869 2150 σιτεύεσδαι.
903 2091 950 2152 De
980 2108 1041 2153 usu
1073 2093 1303 2167 xenophonteo
1334 2091 1433 2150 huius
1456 2088 1547 2150 verbi
1578 2092 1611 2150 at
1641 2090 1798 2165 composi-

519 2192 627 2249 torum
663 2201 850 2268 συσκηνοῦν,
884 2193 1070 2272 διασκηνοῦν
1105 2198 1167 2255 etc.
1203 2197 1356 2255 accurate
1388 2193 1534 2267 disputat
1564 2192 1680 2267 Cobet,
1716 2192 1797 2253 Nou.

518 2291 592 2351 lect.
617 2308 646 2366 p.
672 2293 735 2352 722
760 2309 808 2368 sq.
833 2294 880 2356 df.
905 2296 983 2357 Hes·
1008 2304 1233 2373 σκηνῶντες
1257 2298 1291 2356 et
1313 2292 1521 2371 σνιηνωταί.

474 2395 643 2475 σκῆπτρον
668 2392 805 2468 figurate
829 2413 887 2471 pro
909 2398 1050 2476 τυραννίς
1074 2399 1198 2474 passim
1222 2401 1348 2474 poetae.
1369 2398 1406 2457 In
1426 2411 1524 2472 prosa
1542 2411 1571 2454 v.
1593 2411 1621 2455 e.
1640 2393 1797 2455 Libanius

520 2496 571 2553 Or.
596 2495 642 2553 XI
667 2499 685 2566 ᾗ
712 2497 772 2556 161
797 2496 829 2556 τὸ
853 2506 1004 2578 σκῆπτρον
1028 2498 1207 2577 αὐθημερὸν
1230 2496 1464 2577 ἀπεκρούσαντο.

420 2625 424 2632 ·
474 2591 567 2657 σκιά.
592 2596 722 2670 Fragm.
747 2598 864 2672 philos.
889 2600 923 2659 in
945 2616 1018 2676 pap.
1042 2617 1129 2661 saec.
1153 2602 1200 2660 ΙΙΙ
1223 2616 1252 2662 ει.
1277 2599 1310 2662 O.
1332 2600 1441 2662 Grenf.
1462 2600 1493 2658 ΙΙ
1515 2600 1544 2659 7.
1564 2600 1584 2657 4
1604 2594 1798 2673 φοβουμένων

517 2692 573 2753 κᾶν
596 2694 629 2755 τὸ
651 2696 812 2775 λεγόμενον
836 2707 922 2760 τοῦτο
947 2699 1062 2760 σκιὰν
1086 2701 1192 2761 ἰδεῖν
1215 2702 1446 2775 φαντασίας.

473 2794 716 2881 σκιαδηφορος.
743 2799 812 2861 Vid.
837 2815 937 2877 supra
961 2818 988 2863 s.
1013 2819 1044 2863 v.
1070 2802 1329 2882 διφροφόρος.

472 2899 522 2959 Ad
546 2894 687 2974 σκιάς.
713 2899 759 2961 Cf.
784 2901 971 2980 Viirtheim,
997 2905 1156 2965 Mnemos.
1181 2904 1292 2964 XXXI
1316 2921 1345 2980 p.
1371 2905 1435 2964 249
1459 2919 1529 2978 sqq.

472 2995 629 3074 σκίλλος·
654 3000 773 3073 ίιιιῐνος.
798 3003 838 3063 Η.

471 3097 707 3181 σκίμβασμός·
732 3101 863 3181 βήματος
887 3098 999 3184 (vulgo
1023 3104 1200 3181 φιλήματος)
1224 3097 1311 3177 εἶδος.
1336 3105 1376 3165 Η.
1405 3104 1577 3183 σκιμβοίζειν
1591 3104 1793 3182 εχοιίεύειν.

473 3196 678 3283 σκιμβολος·
703 3200 830 3280 ἠλίθιος.
854 3206 895 3265 Η.

469 3298 631 3383 aeppor-
655 3303 756 3381 χοίός.
781 3307 821 3366 H.
846 3305 1124 3381 Distinguendum
1149 3311 1200 3368 est
1223 3307 1371 3385 σκαμβός,
1392 3323 1531 3369 varus.
1635 3316 1637 3319 ⁴

468 3400 682 3479 σκινθίζετοιι
694 3408 746 3476 (7)·
771 3406 941 3478 ίακτίζειαι.
965 3408 1006 3468 Η.
1032 3408 1123 3475 Idem
1148 3406 1361 3483 οιιονίζει(7)·
1385 3408 1520 3479 λακτίζει.

468 3506 518 3566 Ad
548 3504 713 3584 Σκίρων.
744 3507 790 3569 uf.
815 3508 884 3569 GIG
916 3509 1012 3569 7732.
1045 3509 1135 3570 Haec
1165 3510 1309 3584 genuina
1339 3511 1391 3570 est
1414 3510 1560 3570 nominis
1583 3508 1704 3584 forma,
1730 3522 1794 3569 non

512 3606 705 3685 Σκείρων,
730 3612 768 3669 ut
792 3609 939 3687 Χίρων,
965 3625 1031 3670 non
1057 3610 1227 3690 Χείρων.

469 3705 596 3789 salpion
612 3714 745 3787 *ventus
777 3712 809 3771 in
841 3713 945 3773 Ponto
977 3712 1156 3773 vocabatur
1178 3711 1379 3790 δράσκιος.
1404 3713 1535 3773 Arriani
1559 3710 1677 3787 Peripl.
1702 3710 1796 3771 Pont.

512 3811 594 3870 Eur.
620 3827 688 3886 cap.
716 3814 746 3872 6.

469 3909 653 3974 Σκιτωνεία
676 3929 733 3987 per
755 3914 995 3990 diphthongum
1019 3915 1240 3977 scribendum.
1265 3908 1446 3976 Μιιίεδοείι.8
1470 3917 1523 3976 52.

468 4008 635 4096 σκλῆρος·
672 4013 790 4091 νόσημά
819 4038 846 4074 τι
877 4012 1058 4094 ἀραχνιδίων
1093 4014 1125 4075 ἐν
1155 4020 1216 4087 τοῖς
1247 4016 1385 4094 σμήνεσι,
1414 4014 1489 4093 πρὸς
1520 4014 1552 4075 τὸ
1584 4014 1736 4091 σήπεσθαι
1759 4011 1795 4073 τὰ

512 4115 610 4192 κηρία.
635 4115 676 4176 Η.
701 4114 748 4176 Of.
773 4116 874 4176 Arist.
900 4117 940 4177 H.
967 4118 1004 4177 A.
1029 4117 1077 4177 IX
1101 4117 1154 4177 40.

469 4213 518 4273 Ad
542 4216 824 4295 σκληρονργός.
857 4218 908 4277 ΡΒ
933 4219 1008 4292 952,
1035 4220 1054 4278 6
1087 4217 1143 4277 σὺν
1166 4222 1227 4289 τοῖς
1251 4221 1465 4297 σκληρονρμοῖς
1489 4222 1586 4288 (saec.
1611 4218 1643 4277 II
1666 4218 1725 4277 aut
1747 4216 1795 4276 111

513 4331 543 4389 p.
569 4315 624 4385 0.).
650 4316 817 4379 Gravioris
840 4323 874 4380 ot
896 4320 1038 4379 rudioris
1064 4320 1172 4393 operis
1195 4317 1328 4395 opifices
1350 4320 1516 4394 designari
1540 4318 1703 4379 videntur.
1724 4318 1796 4379 For·

513 4419 603 4476 tasse
644 4424 851 4493 opponuntur
892 4424 952 4491 τοῖς
993 4423 1200 4498 λεστσνρμοῖς,
1239 4420 1422 4481 subtilioris
1456 4421 1564 4495 operis
1599 4418 1794 4495 artificibus,

503 4517 627 4591 'quales
650 4524 729 4579 sunt
751 4521 961 4582 intestinarii.

470 4615 1012 4697 οκνίιτοιςεσκνίφος,-;κνίφας.
1048 4621 1142 4681 Mich.
1178 4622 1277 4681 Pselli
1309 4624 1468 4682 carminis
1498 4622 1635 4698 sooptici
1665 4622 1748 4683 editi
1777 4638 1797 4683 a

514 4718 729 4780 Sternbachio
754 4722 872 4798 (Wien.
899 4723 990 4782 Stud.
1015 4721 1108 4781 XXV
1132 4739 1163 4797 p.
1191 4714 1231 4782 10
1255 4727 1350 4798 squ),
1375 4739 1424 4784 vs.
1450 4725 1526 4785 229.

468 4818 518 4879 Ad
549 4806 731 4895 σκνιιιός,
760 4822 781 4882 1.
807 4823 837 4882 8.
870 4824 951 4883 Post
985 4828 1131 4899 κνεφαῖον
1162 4825 1270 4885 insere
1302 4825 1408 4898 „quod
1432 4840 1450 4885 e
1474 4826 1566 4887 codd.
1598 4822 1795 4897 quibusdam

512 4936 569 4994 pro
605 4925 764 4980 σκνιιταῖον
799 4924 947 4983 restituit
980 4926 1110 4986 Ahrens
1145 4925 1304 5001 probante
1334 4925 1527 4987 Fritzschio.
1558 4928 1714 4988 Fortasse
1745 4928 1797 4986 est

512 5023 619 5083 forma
642 5024 778 5085 sicula.‘’
1571 5034 1573 5038 ·

468 5123 516 5182 Ad
552 5123 721 5195 σκοῖδος.
756 5124 803 5185 cf.
835 5124 1011 5186 Herodian.
1044 5126 1059 5184 I
1086 5128 1158 5202 142,
1192 5129 1212 5186 6
1244 5125 1436 5204 σεσημείωται
1466 5127 1499 5187 τὸ
1527 5129 1687 5202 σκοῖδος
1710 5130 1794 5210 παρὰ

515 5223 692 5283 Μακεδόσιν
716 5221 732 5284 ὁ
756 5225 982 5303 οἰκονόμος.
