4234 6084
1081 654 1122 713 55

439 832 565 899 δίπουν.
589 837 662 899 Vid.
686 837 886 899 δεκάπουν
910 842 943 900 et
965 855 992 900 3.
1017 855 1048 901 v.
1072 840 1179 912 πούς.

438 934 614 1020 διποργίατ
657 938 736 999 οἰκία
780 939 923 1020 διπυργία
963 946 1031 1016 (pro
1075 940 1241 1021 δίπυρχος).
1283 943 1354 1004 Vid.
1390 958 1417 1004 s.
1449 959 1480 1004 7.
1515 941 1674 1020 κάμπος.
1710 942 1756 1004 Cf.

483 1038 617 1119 διστεχής
642 1043 675 1102 et
698 1042 783 1103 infra
806 1040 963 1122 πυργία.

437 1133 635 1224 διπδρηνον,
667 1144 927 1205 instrumentum
959 1145 1182 1220 chirurgicum
1213 1145 1247 1205 in
1277 1146 1346 1206 cod.
1370 1146 1466 1207 Laur.
1498 1148 1551 1207 74.
1581 1148 1610 1207 2.
1644 1146 1757 1207 Herm.

481 1243 534 1318 38,
561 1245 635 1307 281.

435 1350 484 1409 Ad
509 1331 572 1423 δῖς
588 1349 755 1413 suffixum.
776 1354 837 1414 Pro
858 1352 1084 1415 Ghocroboaco
1104 1354 1256 1416 citandus
1276 1355 1385 1416 fuerat
1404 1354 1634 1429 Theognostus
1651 1353 1758 1416 (iram.

480 1452 541 1512 An.
567 1453 626 1514 Ox.
653 1454 683 1512 II
711 1456 782 1529 163,
808 1456 850 1515 33
876 1453 943 1526 (Q).

400 1590 407 1603 ·
435 1551 674 1638 δισαὲποιρχος.
710 1557 830 1618 Theou.
865 1558 1042 1619 Balsamon
1075 1558 1151 1617 VIII
1183 1560 1224 1619 25
1255 1556 1306 1617 ναί
1336 1556 1541 1636 δισσεπάρχων
1575 1554 1757 1635 ἠμφιάσθην

480 1656 619 1731 μανδύαν
643 1658 779 1734 (Ηο1113,
804 1659 910 1721 Wien.
935 1660 1027 1721 Stud.
1053 1659 1145 1719 XXV
1168 1677 1199 1736 p.
1227 1661 1311 1731 180).
1337 1659 1408 1721 Vid.
1432 1658 1623 1736 μανδύας.

435 1755 616 1839 διοτοιχῶς·
642 1759 737 1837 διχῶς.
762 1759 801 1821 Η.
831 1760 880 1820 Ex
903 1762 1082 1822 Aristotele
1106 1764 1139 1821 et
1162 1761 1389 1838 Theophrasto
1416 1762 1560 1822 citantur
1583 1760 1701 1839 διπαχῆ
1724 1765 1758 1823 et

479 1859 628 1938 δινιαχοῦ,
653 1862 709 1922 sed
735 1862 936 1924 adiectivum
961 1878 1026 1924 non
1046 1863 1125 1923 tulit
1147 1866 1303 1923 aetatem.

435 1958 628 2041 insecuntur:
671 1961 800 2042 μάχαιρα
851 1961 1149 2041 δισταμουμένη
1170 1988 1211 2012 =
1234 1963 1381 2041 δίστομος.
1420 1964 1541 2025 Theod.
1576 1964 1754 2025 Balsamon

480 2063 607 2123 XXXII
630 2064 649 2124 8
674 2064 811 2141 (Horra,
836 2064 942 2126 Wian.
968 2066 1057 2127 stud.
1083 2065 1175 2125 XXV
1197 2082 1228 2141 p.
1255 2067 1339 2136 104).

435 2161 562 2239 δίτονσς
597 2160 774 2250 μάσθλης·
810 2161 838 2224 δ·
858 2165 983 2238 διπλοῦς
1013 2163 1033 2245 ἢ
1065 2164 1134 2227 δυσί
1161 2166 1293 2245 χρώμασι
1319 2165 1497 2245 κεχριμένος.
1522 2167 1562 2228 Η.
1587 2167 1757 2243 Sophoclis

480 2267 518 2327 ir.
549 2267 610 2327 125
634 2261 740 2344 ch.²‚
767 2267 821 2329 ubi
845 2268 925 2329 olim
949 2268 998 2329 sic
1022 2269 1149 2329 correxi
1172 2284 1229 2344 pro
1254 2268 1381 2349 δίγονος.

435 2369 485 2429 Ad
520 2366 705 2447 διφθέρη.
749 2370 818 2431 Sec.
863 2370 1017 2431 RossIum
1053 2371 1135 2455 Mus.
1171 2371 1275 2432 Rhen.
1312 2372 1342 2447 8,
1375 2372 1439 2432 293
1475 2370 1670 2433 vocabulum
1705 2373 1757 2431 est

479 2470 638 2532 orientale
661 2471 746 2542 (W.).

435 2569 627 2656 Διφιλίειον.
652 2568 836 2635 Metsterh.³
861 2575 912 2651 52,
938 2577 991 2636 63.

435 2672 581 2758 διφάρος.
608 2676 688 2737 Add.
715 2676 791 2737 HeS.
816 2694 842 2738 s,
867 2694 897 2737 v.
916 2674 1049 2756 Ἔφορος
1075 2680 1226 2755 Κυμαῖος,
1249 2675 1293 2736 δτι
1317 2674 1363 2749 δίς
1391 2673 1498 2736 ἐτέλεσε
1522 2686 1560 2759 τῷ
1586 2674 1756 2761 διδασκάλῳ

475 2774 633 2857 Ἰσοκράτει
657 2776 726 2850 τοὺς
749 2786 801 2855 τῆς
824 2778 1009 2851 παιδεύσεως
1033 2778 1172 2855 μισθούς.

433 2878 555 2963 δίφρις·
580 2875 596 2939 δ
620 2876 737 2956 ἑδραῖος
762 2877 811 2939 καί
835 2879 1010 2959 καθήμενος
1034 2877 1094 2956 ἀεί,
1117 2872 1183 2940 οῖον
1206 2876 1305 2959 ἀργός.
1330 2881 1370 2941 Η.

433 2978 656 3065 hieracium<
676 2984 709 3043 et
730 2980 986 3067 σκιαδηφδροος
1006 2984 1165 3058 hodieque
1179 2984 1212 3043 in
1224 2982 1336 3044 Africa
1347 2982 1541 3043 occidentali
1553 2998 1648 3058 reges
1660 2984 1747 3043 corni

477 3086 541 3145 tari
561 3087 676 3145 monet
695 3084 732 3145 R.
747 3083 779 3145 C.
794 3085 997 3161 Bosanquet,
1019 3086 1133 3146 Journ.
1154 3085 1190 3146 of
1205 3085 1290 3147 Heli.
1308 3086 1399 3147 stud.
1412 3084 1492 3145 XIX
1504 3100 1534 3159 p.
1547 3085 1609 3146 176
1623 3085 1656 3145 in
1669 3086 1756 3145 nota.

435 3186 485 3247 Ad
510 3186 527 3245 δ
536 3186 736 3266 ιφρύγιον.
761 3184 808 3247 cf.
833 3186 972 3246 Thumb.
996 3203 1026 3261 p.
1054 3188 1095 3248 74
1120 3186 1205 3258 (W.).

436 3286 517 3371 δίχα
540 3282 710 3372 λαλῆσαι·
735 3284 921 3365 άκατάλίηία
945 3291 1080 3366 λαλῆσαι.
1104 3289 1144 3351 Η.

435 3387 595 3472 ὃιχδνδις·
628 3387 761 3470 ἀπάγων.
786 3390 826 3451 Η.
851 3388 1136 3469 Διχόχλουτος,
1167 3390 1436 3470 διχοκόχωνος
1465 3394 1524 3453 aut
1547 3392 1656 3453 simile
1680 3391 1755 3465 quid

479 3493 615 3554 subesse
638 3491 777 3553 videtur.

435 3591 570 3676 δίχορον
584 3618 625 3641 =
640 3593 775 3672 δίχωρον.
799 3593 997 3655 constanter
1020 3595 1070 3656 sie
1093 3595 1249 3656 scribitur
1272 3595 1304 3653 in
1330 3595 1381 3654 PG
1406 3596 1458 3654 71.

336 3745 341 3755 .
400 3742 406 3756 .
435 3691 700 3780 διωλισδηκδσι·
730 3695 1001 3759 <δια7>πεσοῦσι.
1025 3696 1065 3757 Η.

437 3794 598 3882 διωρυχή.
623 3798 693 3859 vid.
719 3796 894 3877 διορυχή.

435 3896 596 3983 troarno,
617 3901 879 3962 instrumentum
898 3899 1120 3975 chirurgicum
1138 3899 1170 3959 in
1184 3898 1253 3959 cod.
1267 3898 1362 3958 Laur.
1377 3898 1429 3974 74,
1444 3897 1666 3971 afirmari,
1681 3898 1756 3957 282.

436 3996 700 4083 διωρὲλλειν(3)·
742 4001 920 4081 διορύσσειν.
957 4002 995 4060 Α.
1035 4001 1074 4062 In
1108 4002 1257 4060 mentem
1293 4000 1446 4060 veniunt:
1483 3999 1758 4076 διασνάιλειν,

483 4101 761 4180 διασκάπτειν,
783 4102 1035 4174 δικείίίζειν.

437 4201 600 4289 δίωχὴ(ς)’
631 4204 738 4284 δίφρος
770 4202 785 4265 δ
828 4204 996 4284 δυνάμενος
1028 4204 1084 4264 δύο
1115 4208 1228 4282 χωρεῖν.
1256 4204 1297 4265 Η.
1322 4202 1368 4264 ci.
1394 4202 1474 4264 Poll.
1499 4203 1530 4262 X
1552 4203 1593 4262 47
1620 4201 1758 4278 δίφροι

481 4308 498 4367 δ
507 4311 613 4386 ιωχεῖ
622 4330 635 4379 ς
667 4304 699 4367 ἐν
732 4307 935 4387 Φερεκράτους
966 4309 1105 4387 Ἀγαθοῖς
1135 4303 1301 4385 εἰρημένοι,
1332 4297 1425 4366 οῖονεῖ
1455 4304 1487 4365 oi
1512 4304 1544 4376 (l.
1569 4295 1634 4364 οῖον
1658 4297 1681 4387 ᾧ
1705 4305 1757 4364 vel

481 4411 590 4487 potius
613 4402 670 4469 οῖοι
694 4406 726 4469 ἕν
749 4401 805 4482 οῖς)
829 4409 884 4470 δύο
908 4405 1045 4488 ὀχοῦντες
1070 4413 1127 4479 (sc.
1152 4406 1247 4478 είσῖν).

436 4509 529 4596 δνδψ·
553 4520 674 4591 χιτῶνος
697 4503 783 4583 εἶδος.
807 4509 906 4590 βάθος
919 4513 964 4582 (i).
990 4513 1030 4574 H.

336 4643 361 4680 .=
402 4670 409 4683 .
438 4610 573 4697 δοδιὴν.
597 4614 668 4675 Vid.
693 4612 846 4674 δολίων.

435 4714 576 4797 δοῖτρον·
601 4715 720 4777 πύελον.
742 4714 852 4793 σκάφη.
877 4714 917 4774 Η.
942 4714 988 4775 Oi.
1014 4714 1152 4794 δροίτῃ
1177 4731 1252 4777 oum
1278 4715 1392 4775 eadem
1417 4714 1645 4789 explicatione.

435 4813 556 4880 δοκάν·
582 4817 693 4895 θήκην.
722 4819 761 4879 Η.
786 4818 834 4878 ui.
868 4817 978 4878 dorica
1008 4820 1067 4877 aut
1098 4818 1232 4879 aeolica.
1266 4814 1369 4893 Δοκή
1401 4817 1434 4876 in
1459 4815 1540 4876 solis
1564 4815 1758 4891 compositis

480 4922 628 4996 apparet,
660 4919 723 4979 nisi
753 4920 836 4981 forte
864 4923 952 4981 recte
984 4919 1062 4980 olim
1096 4920 1241 4995 Euripidi
1274 4920 1343 4980 Alo.
1372 4919 1433 4980 158
1464 4917 1609 4997 κεδρίνων
1633 4917 1757 4977 δοκῶν

479 5022 571 5082 suasi
597 5035 654 5096 pro
678 5018 786 5097 δόμων.
810 5022 872 5083 Sed
896 5022 935 5083 ci.
960 5022 1095 5083 Hesiod.
1121 5022 1199 5098 Opp.
1225 5024 1277 5083 95.

435 5119 564 5185 δοκείοι
588 5122 912 5201 Ιυοοοὶοοτ-δονοίη.
937 5124 1037 5185 Thac.
1062 5124 1090 5182 V
1115 5125 1167 5200 79,
1196 5126 1226 5184 4.

436 5223 575 5287 δοκικῶ·
600 5219 666 5283 ἀντί
689 5232 741 5283 τοῦ
766 5224 852 5284 δοκῶ.
877 5222 976 5297 ἔπαιξε
1000 5222 1032 5284 δὲ
1046 5222 1220 5305 Ἕρμιππος
1245 5222 1277 5284 ἐν
1298 5222 1485 5301 Ἀρτοπώλισι
1506 5223 1693 5300 (1138411.)
1715 5223 1754 5282 H.
