4234 6084
1051 657 1116 717 250

466 836 562 903 Ν1.·11.2
585 832 608 901 ὦ
631 840 731 918 θνητὰ
753 840 909 922 πράγματ’,
933 838 956 904 ὦ
976 849 1145 924 γυναικεῖαι
1163 841 1279 921 φρένες.
1300 843 1358 904 cni
1375 849 1500 921 poetae,
1521 862 1583 921 quo
1601 849 1754 909 crebrius

465 959 561 1004 nemo
594 944 759 1005 Fortunae
791 947 954 1022 increpuit
986 947 1258 1020 inconstantiam,
1288 946 1428 1006 fortasse
1452 947 1505 1007 hic
1527 963 1656 1023 quoque
1682 966 1753 1011 ver·

461 1060 535 1120 sus,
561 1046 591 1105 ei
614 1046 684 1106 iure
707 1047 854 1123 restitui,
879 1048 1073 1109 tribuendus
1096 1051 1157 1108 eet.
1178 1047 1331 1108 Ceterum
1352 1048 1392 1107 cf.
1413 1048 1516 1123 Epist.
1529 1050 1648 1110 LXXV
1661 1053 1754 1113 med.

415 1140 543 1227 κύριος.
562 1145 697 1228 Ἔρρωσο
720 1149 804 1227 κύριε
833 1150 949 1210 scribit
977 1153 1085 1210 mater
1111 1150 1150 1209 ad
1174 1148 1279 1209 illium
1304 1150 1335 1209 in
1360 1165 1432 1224 pap.
1461 1150 1586 1228 Vitelli,
1612 1155 1753 1213 Atene

460 1263 477 1307 e
501 1249 630 1310 Roma
653 1250 714 1309 VII
738 1266 768 1325 p.
798 1252 871 1330 124,
898 1251 918 1311 l.
945 1253 997 1312 20.

418 1349 467 1409 Ad
498 1349 720 1428 λιμνασμός
753 1352 786 1412 in
818 1352 1016 1427 Appendice.
1049 1352 1131 1412 Add.
1164 1352 1241 1426 Pap.
1266 1352 1379 1412 Vitelli
1410 1353 1431 1412 l.
1459 1354 1479 1412 4
1504 1369 1552 1427 sq.
1576 1351 1754 1431 ἐπιμεληταὶ

462 1454 632 1528 λιμνασμοο
662 1451 763 1528 κώμης
795 1454 930 1512 Νακοοι.
964 1456 1070 1514 Atene
1097 1467 1114 1513 e
1138 1453 1245 1513 Roma
1269 1452 1329 1511 VII
1354 1469 1384 1528 p.
1413 1453 1485 1515 121.
1511 1453 1558 1516 cf.
1582 1457 1617 1516 in
1641 1457 1753 1517 lexico

464 1553 700 1629 λιμναστεία
723 1558 756 1614 et
780 1569 881 1630 supra
902 1554 1133 1631 λιμναστής.

420 1653 469 1714 Ad
500 1654 735 1733 λιμνίαοχος
767 1657 800 1715 in
818 1656 941 1731 lexico.
974 1656 1021 1717 De
1048 1657 1156 1716 forma
1179 1657 1243 1717 vid.
1268 1656 1508 1733 Wilamowitz,
1534 1658 1644 1720 Gott.
1670 1660 1751 1735 gel.

465 1757 559 1815 Ana.
590 1757 674 1817 1898
698 1750 735 1817 n⁰
760 1759 790 1832 9,
816 1773 845 1832 p.
872 1760 947 1818 689.

419 1854 593 1940 supreme,
643 1860 945 1935 peculiaritas,
994 1862 1065 1921 sive
1112 1861 1311 1935 proprius
1356 1861 1509 1935 agendi
1555 1864 1668 1924 ratio
1717 1864 1752 1923 in

464 1960 806 2036 Pseudohippocratis
836 1962 931 2036 epist.
963 1961 1088 2021 XXVII
1117 1962 1136 2031 8
1167 1962 1207 2021 27
1238 1958 1387 2021 ἀποδώσω
1411 1995 1452 2004 -
1476 1962 1651 2041 προγόνοισι
1675 1968 1753 2023 τοῖσι
1785 2035 1787 2038 ,

464 2058 559 2137 ἐμοῖσι
587 2060 803 2139 κυριότητα
834 2061 871 2122 οὗ
901 2061 1017 2137 ψευδέα
1048 2071 1101 2122 τοῦ
1135 2057 1197 2139 μήτ’
1232 2056 1274 2139 ἐφ’
1311 2059 1404 2140 ὑμέας
1430 2061 1502 2140 μήτε
1524 2060 1573 2123 ἐπὶ
1596 2064 1752 2123 Λακεδαι-

464 2163 589 2239 μονίους
612 2198 652 2205 -
679 2161 800 2223 ἑκούσιοι
825 2163 901 2222 ὅπλα
925 2165 1037 2243 λαβεῖν.

420 2259 668 2348 λογικεόεσθοιι
710 2267 991 2341 syllogismos
1035 2269 1185 2327 iacere.
1230 2267 1501 2327 Pseudo-chionis
1537 2268 1633 2341 epist.
1670 2267 1751 2327 XXI

424 2417 426 2422 .
464 2384 521 2443 pro
545 2367 779 2445 συλλογίζεσθαι.
805 2368 851 2429 Gi.
877 2370 1004 2430 Lobeck
1029 2369 1150 2443 Pbryn.
1176 2385 1206 2444 p.
1235 2370 1307 2428 198.

420 2464 609 2549 λοσίκομος
625 2458 705 2540 Ἶσις.
729 2469 923 2530 Philostrati
947 2472 1042 2546 epist.
1069 2471 1143 2530 XVI
1168 2474 1186 2541 ς
1211 2473 1240 2530 2.

420 2565 643 2652 μακρολογος
661 2567 762 2651 θεὸς,
785 2572 982 2646 prolixus
1003 2574 1119 2646 dena,
1140 2576 1276 2631 vocatur
1289 2571 1370 2629 deus
1382 2570 1564 2649 προλογίζων
1578 2571 1610 2629 in
1624 2585 1753 2630 comoe-

463 2673 536 2732 diae
571 2672 787 2748 (Menandri‘l)
820 2673 952 2747 prologo
982 2679 1041 2743 (vs.
1071 2677 1110 2744 1),
1142 2674 1237 2732 ouius
1268 2672 1492 2745 fragmentum
1524 2671 1561 2731 d.
1586 2671 1702 2731 Kaibel
1735 2689 1753 2732 c

463 2789 586 2849 papyro
610 2790 680 2848 aeg.
706 2774 808 2835 edidit
831 2775 865 2834 iu
890 2776 1111 2836 Nachrlcbten
1136 2776 1192 2835 der
1216 2760 1255 2835 X.
1281 2774 1502 2835 Gesellschait
1525 2775 1582 2834 der
1604 2773 1752 2835 Wissen·

464 2876 614 2936 schaften
640 2891 680 2935 zu
705 2876 897 2953 Gottingen,
924 2878 1095 2952 philbist.
1121 2877 1172 2937 ΚΙ.
1202 2878 1297 2950 1899,
1324 2878 1354 2949 4,
1381 2892 1410 2951 p.
1436 2879 1501 2937 550
1525 2891 1596 2949 sqq.

417 2973 578 3059 μεμσίτης
613 2967 714 3050 σίνος.
747 2979 919 3039 Personati
952 2978 1085 3040 Chionis
1116 2982 1209 3055 epist.
1243 2980 1285 3037 Vl
1310 2980 1381 3038 init.
1407 2986 1458 3036 wo
1490 2978 1627 3054 μορσίτοο
1662 2976 1751 3037 οΐνον

463 3098 588 3152 κεμαμια
610 3078 710 3136 είκοσι.

421 3173 604 3260 μετέωρος.
629 3180 705 3254 Pap.
732 3180 858 3256 Vitelli,
885 3182 1017 3243 Atene
1041 3199 1058 3243 e
1083 3183 1209 3242 Roma
1234 3182 1293 3240 Vll
1317 3198 1346 3255 p.
1371 3182 1443 3256 124,
1465 3180 1607 3255 epistula
1628 3182 1751 3242 matris

463 3281 503 3340 ad
535 3278 653 3355 fllium,
687 3282 707 3342 l.
736 3283 775 3342 10
799 3298 868 3357 sqq.
900 3281 960 3360 ἤδη
988 3280 1042 3359 μὲν
1066 3283 1098 3342 τὸ
1123 3282 1195 3360 ἐμὸν
1219 3281 1361 3360 ἐποίησα,
1383 3280 1432 3342 καὶ
1456 3280 1547 3353 οὔτ[ε]
1573 3280 1747 3360 ἕλονσοίμην

465 3378 557 3454 [οίί]τε
595 3384 804 3461 προσεκύνησα
835 3383 928 3456 θεοὺς
960 3383 1138 3464 φοβουμένη
1170 3402 1226 3445 σου
1256 3384 1296 3445 τὸ
1327 3382 1540 3462 μετέωρον,
1571 3383 1653 3463 εἴπερ
1688 3382 1748 3444 ἐστὶ

463 3480 666 3561 μετέωρον.
691 3484 732 3562 μὴ
757 3487 861 3545 τοίνυν
885 3484 1019 3565 γενέσθω
1043 3485 1257 3564 μετέωρον,
1280 3485 1330 3545 ἴνα
1353 3483 1435 3564 κάγὼ
1459 3484 1499 3562 μὴ
1523 3488 1621 3545 davidi
1645 3485 1688 3557 εἰς
1713 3484 1748 3545 τὰ

462 3584 645 3662 δικαστήρια.
670 3586 781 3647 Editor
806 3589 901 3648 malit
921 3592 1050 3649 vertere
1075 3588 1337 3649 oblivionem
1359 3593 1412 3658 (=
1426 3587 1587 3666 μιτεωρίον
1607 3588 1746 3649 sueton.

462 3685 574 3746 Claud.
599 3688 663 3763 39),
689 3704 789 3761 quam
815 3690 1054 3750 levItatem.

419 3783 468 3869 μή
493 3803 549 3862 pro
574 3786 610 3847 οὐ
630 3791 755 3863 passim
777 3795 903 3865 ponunt
921 3792 1099 3865 aequiores.
1121 3792 1183 3851 Hic
1204 3806 1284 3852 usus
1303 3793 1337 3850 in
1358 3792 1500 3866 epistula
1512 3790 1679 3867 platonica
1691 3790 1752 3851 VII

462 3893 503 3964 (p.
517 3890 603 3965 334),
630 3891 723 3951 cuins
743 3893 951 3953 authentiam
973 3893 1070 3952 multi
1091 3896 1236 3969 tuentur,
1257 3908 1332 3953 cum
1352 3893 1427 3953 aliis
1446 3892 1654 3968 argumentis
1666 3892 1754 3953 hanc

462 4006 590 4064 quoque
613 3991 801 4053 labefactat.
827 3994 961 4068 Legitur
985 3995 1074 4054 enim
1100 3994 1120 4054 l.
1146 3994 1166 4053 i.
1191 3987 1252 4052 εἷτα
1272 3992 1313 4064 εἰς
1334 3994 1498 4054 Διονύσιον
1517 3991 1681 4072 βλέψαντες
1701 3991 1752 4052 καὶ

463 4091 576 4168 Δίωνα,
599 4083 641 4151 ὧν
664 4087 680 4151 ὃ
704 4089 758 4170 μὲν
781 4093 822 4169 μὴ
846 4094 1027 4171 πειθόμενος
1052 4095 1083 4166 (ί.
1109 4094 1286 4170 πιθόμενος)
1310 4095 1344 4177 ζῇ
1367 4092 1402 4153 τὰ
1422 4102 1481 4153 νῦν
1501 4093 1538 4155 οὐ
1559 4098 1671 4171 καλῶς,
1688 4090 1753 4154 ddi

462 4193 642 4268 πειθόμενος
685 4194 716 4263 (l.
752 4194 931 4270 πιθόμενος)
966 4193 1093 4272 τέθνηκε
1128 4199 1225 4266 καλῶς
1260 4192 1316 4254 ιιτὲ.
1353 4196 1436 4255 Nam
1473 4196 1577 4255 voluit
1610 4197 1754 4271 scriptor

459 4294 567 4354 dicere
601 4311 686 4370 ,non
717 4297 972 4381 obtemperans”
998 4299 1018 4357 i.
1039 4314 1067 4358 e.
1096 4298 1192 4373 ,quia
1222 4312 1287 4357 non
1319 4298 1593 4373 obtemperavit’',
1624 4298 1682 4358 sed
1710 4313 1752 4357 ex

461 4396 655 4468 antiquioris
685 4400 848 4459 sermonis
879 4415 998 4459 norma
1028 4400 1109 4459 baec
1139 4398 1240 4458 verba
1268 4402 1383 4459 contra
1406 4399 1607 4459 sententiam
1631 4397 1754 4473 signiti-

460 4501 573 4558 carent
599 4498 647 4574 ,si
672 4515 735 4560 non
760 4500 1091 4576 obtemperavisset'’.

416 4596 493 4661 ὁδὸν
520 4598 616 4677 καλὴν
640 4600 740 4679 βάδιζε
765 4601 811 4660 καί
838 4601 971 4679 μέμνησό
996 4625 1063 4678 μου.
1090 4603 1180 4662 Haec
1205 4603 1304 4663 verba
1328 4603 1420 4677 cippo
1445 4602 1603 4677 inscripta
1625 4601 1755 4663 faciunt

461 4702 512 4761 tit.
538 4703 579 4759 32
603 4704 637 4761 in
661 4705 773 4764 Ioum.
799 4706 834 4764 of
857 4705 942 4765 Heli.
969 4705 1060 4765 Stnd.
1087 4704 1196 4763 XXIV
1220 4722 1249 4779 p.
1276 4706 1328 4764 22.

420 4798 598 4885 ὀλιγίστων
634 4804 655 4864 f.
680 4804 701 4864 l.
737 4806 820 4867 Plat.
858 4807 960 4882 Epist.
997 4806 1056 4866 Vll
1088 4823 1117 4881 p.
1151 4808 1234 4867 351:
1268 4804 1315 4864 ἐπὶ
1347 4805 1497 4864 πολιτείαν
1521 4800 1554 4863 δὲ
1576 4800 1627 4862 καί
1649 4802 1754 4881 νόμων

463 4903 650 4981 κατασκευὴν
683 4914 742 4965 τῶν
773 4906 968 4970 δικαιοτάτων
1000 4929 1028 4967 τε
1060 4907 1111 4966 καὶ
1143 4906 1282 4984 ἀρίστων,
1324 4905 1361 4966 od
1392 4929 1419 4965 τι
1454 4900 1501 4964 δι’
1539 4901 1752 4984 ὀλιγίστων

462 5006 607 5065 θανάτων
637 5004 688 5066 καλ
718 5017 825 5087 φυγῶν
856 5008 1047 5087 γιγνομένην.
1080 5010 1250 5069 SententIa
1283 5008 1450 5084 postulare
1481 5008 1611 5069 videtur
1641 5006 1752 5081 ipsum
1850 5083 1852 5087 .

464 5110 679 5183 contractum,
707 5110 777 5171 scil.
811 5108 875 5169 διὰ
906 5110 1113 5169 πλείστων.
1144 5112 1251 5170 Minus
1284 5111 1494 5185 probabiliter
1524 5108 1651 5169 Bekker
1675 5124 1752 5169 curn

464 5211 534 5270 cod.
559 5211 587 5270 A
611 5205 773 5269 τοιοσδί
802 5207 957 5290 ὀλιγίστων
981 5210 1145 5271 delevIsse
1168 5213 1251 5271 mihi
1276 5214 1416 5273 videtur.
1441 5212 1561 5270 Posses
1580 5209 1683 5270 etiam
1708 5208 1727 5268 d
1735 5204 1751 5268 ι’

465 5309 676 5369 οἰκοίσοων
700 5313 769 5380 (aut
792 5308 992 5390 ἀλγίστων)
1016 5311 1180 5387 conicere,
1205 5313 1270 5372 nisi
1289 5314 1370 5374 baec
1398 5310 1540 5388 epistula
1567 5309 1754 5384 antiquiore
