4234 6084
1048 601 1083 646 VI

401 779 456 839 PG
478 773 526 859 (et
548 777 624 854 ΡΝ).
650 778 768 854 Papyri
792 777 1003 838 Genovenses
1026 775 1107 836 editi
1130 791 1150 836 1
1172 774 1307 836 Nicolio.

402 874 631 960 PLips(iensis)
658 881 767 940 editus
790 880 824 939 in
847 879 968 939 Archiv
991 878 1014 939 1.
1038 878 1073 938 P.
1098 877 1146 937 III
1168 893 1199 952 p.
1228 878 1289 938 130
1313 892 1383 951 sqq.
1409 871 1507 957 (saec.
1532 877 1576 936 IV
1599 883 1658 939 aut
1681 879 1729 948 V).

402 982 454 1044 ΡΟ
478 982 535 1042 ΙΙΙ.
560 982 627 1042 'lhe
651 981 912 1055 Oxyrrhynchus
934 980 1049 1055 papyri
1072 979 1136 1040 vol.
1161 980 1218 1040 III.
1243 978 1290 1040 01.
1315 978 1420 1039 Ρ1111.
1444 979 1552 1040 lexici.

402 1084 613 1144 Timothei
647 1084 821 1156 Persae,
856 1082 881 1142 lt
915 1096 1039 1158 papyro
1073 1095 1143 1156 aeg.
1179 1090 1243 1141 aet.
1276 1081 1456 1141 Alexandri
1486 1083 1599 1156 magni
1629 1083 1731 1144 edidit

312 1169 316 1176 ’
490 1185 529 1245 U.
557 1201 585 1245 v.
605 1185 828 1246 Wilamowitz
853 1183 1079 1245 Moellendorff
1098 1184 1227 1259 Lipsiae
1254 1199 1305 1259 ap.
1335 1184 1561 1244 Hinrichsium
1581 1201 1610 1246 a.
1635 1187 1729 1245 1903.

403 1289 494 1363 Pap.
528 1287 697 1362 Vitelli,
731 1302 751 1347 a
781 1286 817 1347 G.
849 1285 982 1346 Vitellio
1014 1285 1094 1345 editi
1124 1285 1158 1345 in
1193 1286 1444 1346 commentariis
1475 1287 1731 1347 Academiae

493 1389 636 1463 regiae
664 1388 730 1449 dei
755 1388 875 1448 Linci
900 1390 934 1447 et
955 1388 990 1447 in
1013 1387 1077 1447 vol.
1102 1386 1162 1447 VH
1186 1387 1343 1463 periodici
1367 1388 1500 1448 Atene
1524 1402 1542 1447 e
1565 1388 1702 1450 Roma.

404 1491 503 1551 Multo
545 1490 735 1565 diligentius
774 1505 872 1563 quarn
911 1490 1052 1550 antehac
1088 1505 1168 1550 usus
1206 1505 1281 1550 sum
1319 1490 1463 1550 Meisteri
1498 1505 1595 1566 opere
1632 1490 1731 1567 ,Die

404 1627 408 1634 -
493 1591 803 1652 Griechischen
845 1590 1081 1665 Dialekte”,
1123 1592 1220 1667 longe
1258 1592 1370 1667 plures
1408 1591 1533 1651 inserui
1573 1592 1731 1667 Hesychii

491 1693 635 1769 glossas,
668 1694 832 1753 correctas
859 1708 959 1767 saepe
989 1695 1047 1753 aut
1070 1695 1265 1768 temptatas,
1291 1693 1488 1769 praesertim
1513 1708 1569 1753 eas
1592 1709 1675 1768 quae
1698 1695 1732 1753 in

493 1795 585 1870 Papii
615 1794 736 1870 lexico,
769 1809 833 1868 quo
864 1794 1011 1869 plerique
1040 1795 1188 1869 utuntur,
1222 1809 1287 1855 non
1321 1796 1453 1868 extant,
1490 1808 1549 1854 nec
1580 1810 1654 1855 raro
1690 1810 1732 1855 ex

491 1897 670 1958 seriorlbus
700 1897 916 1971 scriptoribus
947 1896 1058 1957 addidi
1087 1896 1245 1957 vocabula
1276 1912 1358 1971 quae
1390 1895 1531 1971 aPapio
1555 1900 1614 1958 aut
1636 1899 1732 1973 plane

493 2000 619 2060 omissa
641 2001 721 2059 sunt
744 2001 801 2059 aut
823 1999 896 2059 siue
918 1998 1112 2061 testimonio
1134 1997 1246 2058 allata.

449 2201 605 2275 Posthac,
627 2202 787 2273 quantum
807 2201 902 2260 aetas
920 2201 955 2260 et
974 2198 1129 2259 valetudo
1150 2198 1358 2274 permittent,
1380 2198 1414 2257 in
1434 2198 1495 2258 hoc
1508 2199 1733 2275 lexigraphico

405 2303 515 2364 labore
539 2315 673 2377 pergere
699 2315 830 2361 mecum
856 2300 1030 2377 constitui,
1055 2303 1093 2360 ut
1116 2315 1174 2375 pro
1198 2302 1290 2375 parte
1314 2299 1543 2387 virili-aliquid
1565 2301 1733 2363 conferam

400 2405 441 2465 ad
462 2402 724 2479 praeparandum
745 2418 867 2464 novam
891 2402 1051 2462 Thesauri
1071 2403 1179 2476 graeci
1192 2402 1386 2476 editionem,
1400 2416 1466 2475 qua
1484 2403 1592 2477 magis
1613 2404 1733 2478 magis·
1832 2478 1834 2482 Υ

402 2521 466 2580 que
491 2521 573 2580 opus
596 2519 670 2566 esse
693 2505 844 2565 sentiunt
867 2503 997 2564 eruditi.

446 2607 568 2668 (iratus
598 2620 740 2680 agnosco
772 2606 916 2665 multum
948 2619 1002 2665 me
1034 2604 1212 2679 proiecisse
1243 2620 1284 2665 ex
1310 2605 1564 2665 humanissimis
1586 2606 1733 2667 virorum

401 2709 573 2770 doctorum
607 2708 714 2788 operis
749 2708 815 2767 mei
851 2707 1013 2782 censuris,
1044 2722 1063 2767 e
1093 2706 1211 2781 quibus
1242 2707 1440 2767 nominatim
1473 2723 1734 2769 commemorare

402 2810 494 2870 lubet
513 2809 723 2869 Fredericum
748 2804 915 2868 Blossium
940 2802 1040 2888 (Gett.
1067 2808 1129 2882 gel.
1154 2809 1234 2868 Anz.
1263 2810 1357 2884 1903,
1382 2801 1429 2869 110.
1455 2804 1503 2888 7);
1530 2810 1646 2869 lanum
1672 2825 1733 2869 van

404 2912 567 2972 Leeuwen
598 2904 782 2990 (Musaeum
813 2909 971 2970 Leidense
994 2909 1026 2969 X
1049 2911 1080 2984 4,
1108 2911 1199 2983 113);
1224 2910 1410 2985 Philippum
1434 2910 1611 2970 Weberum
1634 2911 1735 2981 (Neue

415 3012 494 3088 phil.
525 3011 690 3072 Rundsch.
724 3011 819 3085 1903,
850 3005 899 3071 n⁰.
932 3013 952 3071 4
983 3014 1018 3071 et
1040 3005 1089 3084 bl;
1117 3011 1317 3072 Ludovicum
1345 3010 1507 3071 Oohnium
1534 3006 1632 3091 (Berl.
1657 3013 1736 3089 phil.

414 3113 649 3174 Wochenschr.
683 3113 778 3188 1903,
810 3104 856 3172 n⁰.
891 3110 951 3192 15).
983 3113 1086 3187 Saepe
1116 3128 1228 3173 eorum
1260 3128 1343 3186 quae
1370 3115 1458 3174 recte
1482 3118 1681 3176 monuerunt
1702 3116 1736 3175 in

415 3217 475 3276 hoc
516 3215 597 3275 libro
639 3213 737 3274 habui
779 3215 959 3288 rationem;
1002 3229 1086 3288 quae
1127 3230 1145 3275 c
1184 3214 1314 3275 Weberi
1355 3215 1457 3290 copiis
1502 3230 1590 3275 nunc
1628 3217 1736 3276 addidi

415 3319 515 3380 ittera
538 3316 590 3391 W,
615 3332 698 3391 quae
722 3332 739 3376 e
763 3315 892 3392 Oohnii,
916 3317 1027 3377 littera
1050 3315 1074 3377 Ο
1099 3316 1250 3377 indicavi.

453 3421 564 3480 Denuo
592 3419 625 3478 in
656 3417 798 3493 plagulis
828 3418 1028 3492 corrigendis
1054 3420 1189 3478 strenue
1211 3432 1266 3478 me
1289 3418 1417 3479 adiuvit
1440 3420 1490 3480 vir
1513 3420 1737 3482 amicissimus

406 3523 440 3584 L.
464 3522 493 3582 J.
519 3520 644 3596 Morell,
677 3520 728 3580 cui
760 3520 882 3595 gratias
912 3535 974 3594 ago
999 3519 1167 3595 habeoque
1191 3535 1291 3594 quam
1317 3522 1494 3582 maximas.
1520 3520 1611 3582 Grati
1634 3525 1737 3584 animi

405 3622 682 3700 significationem
717 3623 856 3698 accipiat
891 3622 992 3682 etiam
1025 3621 1150 3696 collega
1182 3622 1476 3684 coniunctissimus
1506 3624 1534 3683 J.
1558 3623 1592 3685 0.
1632 3625 1738 3685 Nabar

406 3725 451 3800 (S.
483 3727 521 3785 A.
553 3723 622 3799 llll,
652 3725 706 3798 qui
729 3740 928 3800 papyrorum
952 3723 1164 3785 collectiones
1187 3739 1267 3786 suas
1290 3723 1469 3785 liberaliter
1491 3725 1632 3786 utendas
1656 3726 1735 3784 mihi

405 3827 571 3902 permisit,
609 3828 756 3901 itemque
790 3841 849 3901 pro
885 3826 1016 3887 collatis
1050 3826 1083 3884 ln
1119 3841 1173 3885 me
1208 3827 1296 3887 hunc
1329 3826 1448 3887 librum
1483 3828 1735 3899 componentem

406 3927 574 3990 beneflciis
606 3927 642 3988 G.
668 3927 795 4002 Vitelli,
826 3928 1014 4003 praeclarus
1045 3927 1230 4003 philologus
1254 3927 1372 4002 Italus,
1398 3929 1432 3987 et
1454 3927 1585 3988 iuvenis
1608 3928 1735 3987 amicis-

407 4031 514 4090 simus
539 4029 575 4089 G.
601 4029 773 4104 Vollgraff,
799 4030 880 4090 {elix
905 4032 1068 4105 Argorum
1094 4031 1243 4090 detector
1266 4031 1298 4089 ei
1323 4028 1470 4089 effossor.

1195 4230 1233 4288 H.
1258 4228 1346 4286 VAN
1370 4227 1647 4287 Haltwtablch.
