4234 6084
1095 655 1158 715 214

462 839 600 927 τελλίην
614 846 665 915 (1)·
691 840 707 903 δ
732 844 824 903 δεῖνα.
852 847 1038 922 Ταραντῖνοι.
1064 842 1105 901 Η.
1131 841 1213 915 Quid
1238 840 1344 901 latet?

461 939 596 1006 τὲλλον·
622 942 761 1022 έττοίονν,
783 942 904 1022 έμελλον
928 939 1103 1025 (έτέλοννλ).
1128 942 1168 1001 Η.

463 1040 932 1126 εελμοιτλοιοςε-ιελμαιικός,
965 1042 1066 1117 ἕλειος.
1102 1043 1277 1105 Caesarius
1311 1043 1393 1103 Dial.
1430 1044 1461 1104 ii
1492 1045 1565 1119 102,
1599 1061 1628 1119 p.
1663 1047 1726 1106 605
1760 1044 1787 1104 oi

508 1148 686 1223 τελματίσιοι
709 1147 893 1227 βάτραχοιῒ

463 1244 608 1331 κέλομαι
621 1274 662 1298 =
676 1247 789 1327 ἔσομαι.
812 1252 914 1311 inser.
939 1249 1032 1310 Dreri
1056 1264 1141 1310 saec.
1167 1248 1215 1306 III
1234 1263 1254 1307 a
1274 1246 1307 1308 0.
1328 1247 1382 1307 GD
1403 1248 1500 1324 4952,
1522 1248 1580 1309 135
1601 1245 1652 1306 καὶ
1672 1245 1789 1325 ιέλομαι

508 1350 702 1429 φιλοδρήσιος
733 1349 783 1411 καλ
814 1350 1021 1427 φιλοκνοέσιος.
1046 1351 1067 1411 l.
1093 1351 1134 1411 21
1159 1357 1211 1408 τῶι
1235 1348 1399 1419 στασίζοντι
1422 1346 1524 1420 ἀντίος
1546 1346 1674 1426 κέλομαι.
1702 1350 1723 1410 l.
1748 1352 1788 1411 26

508 1450 711 1513 σοντέλεσθαι.
735 1455 806 1515 Vid.
831 1453 952 1514 Blassii
976 1455 1065 1513 nota.

463 1555 514 1615 Ad
537 1551 654 1627 τέλος.
679 1557 778 1617 Initio
801 1557 900 1616 huius
924 1556 1102 1616 commatis
1122 1554 1205 1613 adde
1224 1553 1322 1613 haee:
1349 1553 1492 1627 „Eodem
1512 1568 1615 1613 sensu
1633 1552 1790 1631 πληρώσας

509 1655 541 1717 τὸ
571 1654 656 1736 χρέος
679 1666 732 1717 τοῦ
762 1656 832 1734 βίου
863 1656 963 1717 habet
991 1657 1043 1718 tit.
1076 1656 1190 1716 christ.
1216 1656 1248 1714 in
1274 1655 1388 1715 Journ.
1413 1654 1449 1714 oi
1469 1654 1554 1716 Heli.
1579 1654 1672 1715 Stud.
1697 1654 1791 1714 XXII

509 1775 539 1835 p.
561 1760 637 1837 307,
661 1755 701 1820 n⁰
723 1761 828 1820 14311
850 1760 959 1820 extr.”
983 1757 1040 1818 lini
1065 1773 1143 1819 vero
1167 1758 1262 1817 haer:
1290 1757 1360 1831 „Ari
1384 1754 1660 1831 significationem
1683 1756 1790 1816 home-

510 1861 615 1922 ricam
645 1860 725 1933 τάξις
755 1862 837 1922 facit
866 1860 1025 1935 Hesychii
1055 1860 1098 1935 gl.
1139 1856 1177 1917 έν
1212 1855 1307 1917 τέλει
1341 1853 1422 1929 θές·
1459 1855 1491 1916 έν
1522 1856 1635 1941 σιράτρο
1658 1854 1728 1933 θές,
1761 1854 1791 1916 έν

422 1952 424 1956 ’
511 1960 643 2040 τάγματι,
673 1963 726 2023 Sic
756 1962 845 2022 enim
876 1961 1105 2036 corrigendum
1133 1960 1367 2036 potiusquam
1391 1974 1467 2020 cum
1491 1958 1638 2022 Albertio
1662 1955 1791 2043 ἒνχόρρ

511 2060 565 2134 θές
590 2078 648 2137 pro
672 2060 920 2142 ένσαροοθεσιν.
1185 2055 1187 2060 ’

321 2180 381 2236 νεα
393 2178 441 2223 eor.
467 2159 907 2227 τελωνεῖσδοιιειελανεῖν.
931 2165 983 2224 ΡΒ
1008 2164 1083 2241 882,
1109 2165 1129 2224 8
1153 2168 1250 2234 (saec.
1275 2163 1322 2223 III
1346 2178 1376 2238 p.
1401 2161 1457 2233 0.).

463 2262 831 2347 τέμενοςεάνάθημα.
866 2265 1011 2327 Timoth.
1043 2266 1132 2326 Pers.
1159 2265 1224 2324 210
1254 2264 1285 2323 ολ
1312 2260 1344 2323 δέ
1367 2262 1494 2343 τρόπαια
1518 2265 1699 2342 στησάμενοι
1722 2264 1792 2336 Διὸς

513 2374 569 2439 (80.
593 2367 749 2445 τροπαίου)
773 2364 920 2447 ἁγνότατα
943 2364 1063 2445 τέμενος
1088 2369 1211 2426 Παιᾶνα
1234 2362 1417 2442 έκελοίδησαν
1440 2362 1495 2425 κτέ.
1600 2397 1603 2402 -

468 2466 610 2553 Τεμέσῃ
633 2471 742 2540 (Hom.
767 2494 786 2529 α
813 2472 897 2542 184).
922 2471 1006 2531 Sunt
1029 2470 1085 2544 qui
1109 2484 1230 2530 nomen
1254 2470 1405 2529 derivent
1427 2484 1447 2530 a
1469 2469 1621 2530 semitico
1645 2472 1791 2543 temes,

513 2572 626 2632 fusio
651 2567 771 2652 (aeris).
796 2572 869 2633 Vid.
894 2572 1030 2647 Berard,
1055 2571 1119 2631 Les
1142 2570 1243 2629 Phen.
1269 2572 1303 2630 et
1325 2569 1409 2630 l’Od.
1433 2571 1448 2630 Ι
1472 2586 1503 2645 ρ.
1528 2571 1604 2631 407.

469 2672 713 2754 τεμποῦροιέλλ·
738 2670 812 2752 ἀρχὴ
836 2669 1053 2750 έττιμελουμένη
1077 2680 1128 2749 τῆς
1152 2679 1211 2730 τῶν
1233 2680 1387 2749 γυναικῶν
1412 2670 1581 2748 εὐκοσμίας.
1603 2672 1645 2734 Η.

469 2769 595 2848 τὲννος·
627 2771 774 2849 στέφανος
805 2771 920 2846 ἐλάινος
953 2770 1019 2858 έρίιμ
1051 2770 1260 2852 πεπλεγμένος.
1292 2774 1332 2835 Η.
1364 2773 1411 2835 Cf.
1442 2771 1554 2852 στέμμα
1585 2777 1619 2835 et
1649 2772 1794 2851 έκετηρία;

516 2876 598 2936 item
622 2872 798 2953 τέμματα
821 2892 893 2938 s.v.
918 2872 1012 2935 τέννει
1038 2876 1071 2935 in
1096 2876 1212 2937 1011100.

329 3005 387 3059 pag.
403 3004 450 3048 soe
470 2974 558 3053 τὲος,
582 2979 772 3039 terminatio
796 2978 950 3039 adieciivi
973 2977 1127 3038 verbalis,
1158 2978 1229 3056 Vid.
1255 2977 1311 3038 Ch.
1340 2979 1373 3038 Ε.
1395 2978 1532 3055 Bishop‚
1557 2978 1639 3038 The
1664 2976 1793 3037 Greek

515 3078 664 3139 verbal
687 3080 728 3139 in
751 3100 827 3155 τεο,
854 3080 1029 3139 American
1053 3079 1167 3139 Journ.
1192 3080 1227 3139 of
1247 3079 1364 3140 Philol.
1388 3079 1461 3139 XX.

470 3180 520 3240 Ad
544 3181 840 3257 τερατεύεσθαι.
865 3180 997 3255 Corrige
1020 3177 1265 3252 ἀλαζονεύεσθαι.

469 3278 705 3363 τερετίσμασα·
738 3280 813 3366 ᾠδαὶ
841 3280 997 3360 ἀττατηλαί.
1022 3280 1056 3341 τὰ
1080 3290 1131 3359 τῆς
1155 3282 1284 3361 κιθάρας
1308 3283 1470 3359 κρούματα.
1495 3279 1544 3340 καλ
1567 3280 1602 3341 τὰ
1625 3291 1685 3342 τῶν
1708 3280 1792 3341 τεττί-

515 3406 577 3464 γων
608 3382 731 3466 ᾄσματα.
756 3386 796 3447 H.
830 3384 876 3446 Of.
902 3384 982 3446 Poll.
1007 3384 1052 3443 IV
1076 3386 1117 3445 55
1151 3388 1184 3445 et
1207 3385 1373 3464 τερατίζειν.
1397 3386 1459 3446 Pro
1482 3384 1680 3462 στρατεύματα
1705 3383 1794 3445 resti·

515 3487 675 3547 tuendum
694 3489 790 3561 putat
811 3487 1012 3547 r.Leeuwen
1033 3487 1089 3547 Ar.
1103 3487 1179 3560 Lys.
1194 3488 1269 3548 762.
1290 3487 1422 3547 Nullam
1442 3486 1537 3547 video
1549 3487 1796 3547 necessitatem.

472 3589 521 3648 Ad
555 3587 770 3665 ιερμαζειν.
806 3589 937 3663 corrige
972 3588 1068 3648 ΤΗΙ
1095 3590 1145 3649 ll.
1173 3590 1213 3649 87
1252 3590 1285 3649 et
1316 3588 1432 3649 deinde
1464 3588 1484 3648 l.
1512 3590 1549 3647 ll
1585 3588 1667 3648 adde
1699 3587 1793 3647 haec:

515 3691 572 3751 sed
596 3690 691 3750 SGDI
714 3692 761 3751 III
785 3692 911 3753 46291
946 3692 1019 3766 143,
1051 3690 1072 3750 l.
1101 3692 1137 3750 11
1172 3690 1264 3751 locus
1295 3691 1344 3750 sic
1374 3690 1482 3750 editur
1508 3686 1592 3748 καθὰ
1614 3682 1724 3761 εἶξαν
1747 3684 1795 3746 καλ

516 3787 676 3868 ε’τέρμαξαν
707 3790 758 3852 καί
789 3790 926 3872 έμέριξαν
956 3800 1015 3851 τῶν
1037 3786 1221 3868 Ἡρακλείων
1253 3790 1439 3850 διακνόντων
1469 3786 1525 3871 (=
1539 3789 1735 3869 διαγνόντων)
1765 3786 1796 3848 έν

516 3892 699 3970 κατακλίμιοι
723 3889 812 3953 ολλίαι.
836 3894 882 3955 Cf.
907 3895 1062 3970 Preuner‚
1086 3894 1169 3954 Mitt.
1193 3894 1318 3954 XXVII
1342 3910 1372 3969 p.
1401 3895 1473 3953 147.

472 3995 510 4054 In
534 3993 598 4054 line
622 3995 760 4068 paginae
783 3996 909 4069 corrige
933 3999 1162 4072 κλωστῆρας.

326 4112 444 4167 pagara.
472 4091 594 4176 τὲμμος
627 4096 677 4155 vel
709 4092 1013 4177 τέμμονειέρμαῖ
1037 4098 1089 4157 ΡΒ
1103 4098 1178 4172 478,
1212 4099 1251 4156 19
1276 4098 1352 4168 (200
1377 4114 1407 4173 p.
1430 4098 1463 4159 0.
1496 4105 1657 4178 τοιγαροῦν
1680 4094 1712 4156 ἐν
1737 4093 1796 4156 εἰιλ

516 4193 659 4274 τέρςιον
679 4196 758 4279 χώρᾳ
782 4201 935 4270 καθιστα[
955 4202 988 4270 ..]
1004 4198 1123 4275 σάμεθα
1147 4198 1215 4269 τοὺς
1241 4196 1408 4271 έκστοέντας.
1431 4200 1546 4261 Νο11110
1568 4200 1743 4275 legendum
1766 4195 1797 4257 έν

518 4293 710 4381 έττιτέρμρο
733 4297 841 4381 Zoippi?

473 4398 522 4459 Ad
546 4395 704 4478 τέρμαν.
728 4401 814 4462 Item
837 4403 936 4464 inser.
961 4402 1069 4477 delph.
1094 4402 1195 4462 medii
1218 4417 1304 4465 saec.
1330 4405 1361 4464 Ii
1381 4420 1410 4465 a.
1432 4403 1465 4465 O.
1486 4402 1570 4465 BcH
1589 4402 1708 4464 XXVI.
1722 4404 1795 4477 351,

516 4500 537 4560 l.
563 4502 615 4561 37.
640 4500 686 4563 Of.
711 4500 862 4581 τέρμονες·
886 4502 961 4581 τέλη.
986 4502 1135 4583 φραγμοί,
1159 4502 1243 4581 ὅρια,
1266 4502 1402 4584 τέρματα.
1426 4506 1467 4566 Η.

472 4597 632 4682 τὲρναξα·
658 4612 710 4682 τῆς
734 4604 844 4666 κολκτον
869 4615 921 4667 τοῦ
946 4613 1045 4683 φυτοῦ
1069 4605 1191 4665 καυλόν.
1216 4607 1256 4667 Η.

471 4701 709 4786 τερπὸτραμις·
722 4702 812 4784 ἡτῶν
824 4705 1012 4789 ἀφροδισίων
1024 4704 1134 4785 τέρψις.
1147 4707 1241 4779 οὕτως
1253 4709 1456 4786 Τηλεκλείδης.
1470 4710 1563 4769 Phor.
1577 4708 1732 4777 Κο011(11.
1746 4707 1796 4784 60)

516 4805 661 4880 explieat
680 4803 695 4866 ὁ
715 4812 775 4880 τοῖς
794 4807 983 4886 ἀφροδισίοις
1000 4808 1194 4888 τερπόμενος,
1211 4810 1335 4871 dictum
1348 4813 1387 4872 de
1402 4812 1480 4872 Iove
1492 4811 1532 4870 ad
1545 4808 1796 4870 similitudinem

515 4905 751 4987 τερπικέραυνος.
783 4910 827 4969 At
857 4913 904 4972 ita
927 4913 1091 4988 scriptum
1123 4912 1208 4973 foret
1237 4913 1424 4992 τερετίτραμις
1448 4915 1505 4972 aut
1528 4909 1718 4990 εερττέιραμις
1741 4913 1798 4969 aut

514 5009 712 5089 τερψίτραμις.
734 5012 814 5089 Quid
837 5029 913 5075 vero
934 5018 1024 5075 vetat
1036 5016 1076 5075 ad
1089 5013 1283 5092 τερτότραμις
1296 5016 1440 5089 cogitare
1453 5013 1594 5091 αἴσθησις
1607 5015 1666 5075 aut
1676 5008 1796 5089 ἡδονήέ

470 5107 697 5192 τεσσαράλιος
730 5116 764 5174 et
794 5110 1027 5197 τεσσεράριος,
1062 5116 1348 5195 tesserarius,
1385 5116 1501 5194 papyri
1532 5131 1602 5190 aeg.
1634 5114 1794 5188 wessely,

514 5212 621 5273 WIen.
647 5213 737 5275 stud.
762 5214 871 5276 XXIV
893 5233 924 5293 p.
952 5217 1025 5279 149.
