<?xml version="1.0" encoding="UTF-8"?>
<!DOCTYPE html PUBLIC "-//W3C//DTD XHTML 1.0 Transitional//EN"
    "http://www.w3.org/TR/xhtml1/DTD/xhtml1-transitional.dtd">
<html xmlns="http://www.w3.org/1999/xhtml" xml:lang="en" lang="en">
 <head>
  <title>
</title>
<meta http-equiv="Content-Type" content="text/html;charset=utf-8" />
  <meta name='ocr-system' content='tesseract 3.04.00' />
  <meta name='ocr-capabilities' content='ocr_page ocr_carea ocr_par ocr_line ocrx_word'/>
</head>
<body>
  <div class='ocr_page' id='page_1' title='image "./lexicongraecums00herwgoog_0174.png"; bbox 0 0 4234 6084; ppageno 0'>
   <div class='ocr_carea' id='block_1_1' title="bbox 1100 623 1161 680">
    <p class='ocr_par' dir='ltr' id='par_1_1' title="bbox 1100 623 1161 680">
     <span class='ocr_line' id='line_1_1' title="bbox 1100 623 1161 680; baseline 0.016 -1"><span class='ocrx_word' id='word_1_1' title='bbox 1100 623 1161 680; x_wconf 83' lang='lat'>154</span> 
     </span>
    </p>
   </div>
   <div class='ocr_carea' id='block_1_2' title="bbox 320 797 1824 889">
    <p class='ocr_par' dir='ltr' id='par_1_2' title="bbox 320 797 1824 889">
     <span class='ocr_line' id='line_1_2' title="bbox 320 797 1824 889; baseline 0.005 -23"><span class='ocrx_word' id='word_1_2' title='bbox 320 810 438 866; x_wconf 52' lang='lat' dir='ltr'>Posi&amp;</span> <span class='ocrx_word' id='word_1_3' title='bbox 466 797 638 884; x_wconf 84' lang='grc' dir='ltr'><strong><em>’θλόμττιοι</em></strong></span> <span class='ocrx_word' id='word_1_4' title='bbox 666 801 701 862; x_wconf 80' lang='grc' dir='ltr'>τὰ</span> <span class='ocrx_word' id='word_1_5' title='bbox 732 801 765 863; x_wconf 80' lang='grc' dir='ltr'>ἐν</span> <span class='ocrx_word' id='word_1_6' title='bbox 796 806 950 889; x_wconf 73' lang='grc' dir='ltr'><strong><em>Ἀντιοχείᾳ</em></strong></span> <span class='ocrx_word' id='word_1_7' title='bbox 979 810 1106 885; x_wconf 90' lang='lat' dir='ltr'>passim</span> <span class='ocrx_word' id='word_1_8' title='bbox 1137 813 1377 870; x_wconf 80' lang='lat' dir='ltr'>commemorat</span> <span class='ocrx_word' id='word_1_9' title='bbox 1406 811 1561 871; x_wconf 88' lang='lat' dir='ltr'>Libanius</span> <span class='ocrx_word' id='word_1_10' title='bbox 1581 811 1615 871; x_wconf 91' lang='lat' dir='ltr'>in</span> <span class='ocrx_word' id='word_1_11' title='bbox 1641 811 1694 872; x_wconf 92' lang='lat' dir='ltr'>Or.</span> <span class='ocrx_word' id='word_1_12' title='bbox 1719 812 1733 871; x_wconf 95' lang='grc' dir='ltr'>Ι</span> <span class='ocrx_word' id='word_1_13' title='bbox 1758 814 1791 873; x_wconf 89' lang='lat' dir='ltr'>et</span> <span class='ocrx_word' id='word_1_14' title='bbox 1821 857 1824 864; x_wconf 86' lang='lat'>.</span> 
     </span>
    </p>
   </div>
   <div class='ocr_carea' id='block_1_3' title="bbox 510 905 1788 987">
    <p class='ocr_par' dir='ltr' id='par_1_3' title="bbox 510 905 1788 987">
     <span class='ocr_line' id='line_1_3' title="bbox 510 905 1788 987; baseline 0.006 -22"><span class='ocrx_word' id='word_1_15' title='bbox 510 905 596 965; x_wconf 92' lang='lat' dir='ltr'>alibi.</span> <span class='ocrx_word' id='word_1_16' title='bbox 621 906 667 967; x_wconf 89' lang='lat' dir='ltr'>De</span> <span class='ocrx_word' id='word_1_17' title='bbox 690 922 804 967; x_wconf 89' lang='lat' dir='ltr'>eorum</span> <span class='ocrx_word' id='word_1_18' title='bbox 829 908 1047 971; x_wconf 83' lang='lat' dir='ltr'>celebratione</span> <span class='ocrx_word' id='word_1_19' title='bbox 1070 911 1199 986; x_wconf 85' lang='lat' dir='ltr'>legatur</span> <span class='ocrx_word' id='word_1_20' title='bbox 1221 913 1387 987; x_wconf 83' lang='lat' dir='ltr'>imprimis</span> <span class='ocrx_word' id='word_1_21' title='bbox 1410 929 1455 973; x_wconf 91' lang='lat' dir='ltr'>or.</span> <span class='ocrx_word' id='word_1_22' title='bbox 1480 913 1511 971; x_wconf 85' lang='lat' dir='ltr'>X</span> <span class='ocrx_word' id='word_1_23' title='bbox 1534 913 1579 972; x_wconf 85' lang='lat' dir='ltr'>dc</span> <span class='ocrx_word' id='word_1_24' title='bbox 1603 913 1788 973; x_wconf 86' lang='lat' dir='ltr'>Pletbro.</span> 
     </span>
    </p>
   </div>
   <div class='ocr_carea' id='block_1_4' title="bbox 324 1002 1810 5282">
    <p class='ocr_par' dir='ltr' id='par_1_4' title="bbox 465 1002 1790 1190">
     <span class='ocr_line' id='line_1_4' title="bbox 465 1002 1790 1094; baseline 0.001 -21"><span class='ocrx_word' id='word_1_25' title='bbox 465 1002 736 1088; x_wconf 76' lang='grc' dir='ltr'><strong><em>Ὀλυμπιονικῶν</em></strong></span> <span class='ocrx_word' id='word_1_26' title='bbox 767 1004 965 1094; x_wconf 73' lang='grc' dir='ltr'><strong>ἀναγραφή.</strong></span> <span class='ocrx_word' id='word_1_27' title='bbox 997 1011 1068 1072; x_wconf 82' lang='lat' dir='ltr'>Viri.</span> <span class='ocrx_word' id='word_1_28' title='bbox 1094 1013 1131 1072; x_wconf 86' lang='grc' dir='ltr'><strong>Α.</strong></span> <span class='ocrx_word' id='word_1_29' title='bbox 1157 1013 1292 1087; x_wconf 89' lang='lat' dir='ltr'>Koerte,</span> <span class='ocrx_word' id='word_1_30' title='bbox 1326 1014 1399 1074; x_wconf 90' lang='lat' dir='ltr'>Die</span> <span class='ocrx_word' id='word_1_31' title='bbox 1423 1015 1696 1089; x_wconf 82' lang='lat' dir='ltr'>Entstelrung</span> <span class='ocrx_word' id='word_1_32' title='bbox 1719 1015 1790 1074; x_wconf 89' lang='lat' dir='ltr'>der</span> 
     </span>
     <span class='ocr_line' id='line_1_5' title="bbox 511 1112 1450 1190; baseline 0.006 -21"><span class='ocrx_word' id='word_1_33' title='bbox 511 1112 964 1186; x_wconf 86' lang='lat' dir='ltr'>Olympionikenliste.</span> <span class='ocrx_word' id='word_1_34' title='bbox 991 1113 1103 1174; x_wconf 88' lang='lat' dir='ltr'>Herm.</span> <span class='ocrx_word' id='word_1_35' title='bbox 1130 1117 1182 1189; x_wconf 85' lang='lat'>39,</span> <span class='ocrx_word' id='word_1_36' title='bbox 1208 1130 1237 1190; x_wconf 89' lang='lat' dir='ltr'>p.</span> <span class='ocrx_word' id='word_1_37' title='bbox 1264 1116 1450 1175; x_wconf 85' lang='grc'><strong>224-243.</strong></span> 
     </span>
    </p>

    <p class='ocr_par' dir='ltr' id='par_1_5' title="bbox 467 1207 1791 1498">
     <span class='ocr_line' id='line_1_6' title="bbox 467 1207 1790 1293; baseline 0.002 -20"><span class='ocrx_word' id='word_1_38' title='bbox 467 1207 695 1293; x_wconf 84' lang='grc' dir='ltr'><strong><em>ὁλοροκὸττος,</em></strong></span> <span class='ocrx_word' id='word_1_39' title='bbox 727 1214 869 1275; x_wconf 88' lang='lat' dir='ltr'>adoris</span> <span class='ocrx_word' id='word_1_40' title='bbox 899 1216 1046 1289; x_wconf 87' lang='lat' dir='ltr'>pistor.</span> <span class='ocrx_word' id='word_1_41' title='bbox 1079 1216 1141 1276; x_wconf 85' lang='lat' dir='ltr'>Tit.</span> <span class='ocrx_word' id='word_1_42' title='bbox 1174 1231 1244 1290; x_wconf 87' lang='lat' dir='ltr'>aeg.</span> <span class='ocrx_word' id='word_1_43' title='bbox 1268 1218 1301 1275; x_wconf 92' lang='lat' dir='ltr'>in</span> <span class='ocrx_word' id='word_1_44' title='bbox 1326 1217 1409 1277; x_wconf 91' lang='lat' dir='ltr'>Bull.</span> <span class='ocrx_word' id='word_1_45' title='bbox 1434 1218 1473 1277; x_wconf 89' lang='lat' dir='ltr'>de</span> <span class='ocrx_word' id='word_1_46' title='bbox 1497 1218 1517 1278; x_wconf 93' lang='lat' dir='ltr'>l.</span> <span class='ocrx_word' id='word_1_47' title='bbox 1543 1233 1608 1278; x_wconf 88' lang='lat' dir='ltr'>soc.</span> <span class='ocrx_word' id='word_1_48' title='bbox 1633 1217 1722 1277; x_wconf 86' lang='lat' dir='ltr'>arob.</span> <span class='ocrx_word' id='word_1_49' title='bbox 1747 1218 1790 1277; x_wconf 94' lang='lat' dir='ltr'>lV</span> 
     </span>
     <span class='ocr_line' id='line_1_7' title="bbox 511 1318 1791 1398; baseline 0.002 -23"><span class='ocrx_word' id='word_1_50' title='bbox 511 1334 541 1392; x_wconf 91' lang='lat' dir='ltr'>p.</span> <span class='ocrx_word' id='word_1_51' title='bbox 578 1318 619 1376; x_wconf 78' lang='lat'>94</span> <span class='ocrx_word' id='word_1_52' title='bbox 654 1318 705 1387; x_wconf 81' lang='lat' dir='ltr'>(of.</span> <span class='ocrx_word' id='word_1_53' title='bbox 742 1318 820 1379; x_wconf 83' lang='lat' dir='ltr'>Sita.</span> <span class='ocrx_word' id='word_1_54' title='bbox 856 1320 886 1379; x_wconf 87' lang='lat' dir='ltr'>d.</span> <span class='ocrx_word' id='word_1_55' title='bbox 921 1319 1006 1379; x_wconf 85' lang='lat' dir='ltr'>Berl.</span> <span class='ocrx_word' id='word_1_56' title='bbox 1042 1319 1104 1379; x_wconf 80' lang='lat' dir='ltr'>At.</span> <span class='ocrx_word' id='word_1_57' title='bbox 1139 1321 1234 1395; x_wconf 82' lang='lat'>1902,</span> <span class='ocrx_word' id='word_1_58' title='bbox 1265 1319 1371 1379; x_wconf 86' lang='lat' dir='ltr'>XLIX</span> <span class='ocrx_word' id='word_1_59' title='bbox 1402 1322 1432 1388; x_wconf 88' lang='grc'>3)</span> <span class='ocrx_word' id='word_1_60' title='bbox 1464 1318 1496 1378; x_wconf 80' lang='grc' dir='ltr'><strong><em>οἱ</em></strong></span> <span class='ocrx_word' id='word_1_61' title='bbox 1516 1320 1711 1398; x_wconf 77' lang='grc' dir='ltr'><strong><em>πρεσβύτεροι</em></strong></span> <span class='ocrx_word' id='word_1_62' title='bbox 1732 1328 1791 1378; x_wconf 80' lang='grc' dir='ltr'>τῶν</span> 
     </span>
     <span class='ocr_line' id='line_1_8' title="bbox 512 1415 1599 1498; baseline 0.003 -21"><span class='ocrx_word' id='word_1_63' title='bbox 512 1415 706 1495; x_wconf 79' lang='grc' dir='ltr'><strong><em>ὀιομοκόοων</em></strong></span> <span class='ocrx_word' id='word_1_64' title='bbox 730 1423 804 1490; x_wconf 90' lang='lat' dir='ltr'>(aet.</span> <span class='ocrx_word' id='word_1_65' title='bbox 829 1420 1010 1481; x_wconf 90' lang='lat' dir='ltr'>Ptolemaei</span> <span class='ocrx_word' id='word_1_66' title='bbox 1034 1423 1068 1481; x_wconf 89' lang='lat' dir='ltr'>et</span> <span class='ocrx_word' id='word_1_67' title='bbox 1090 1422 1271 1492; x_wconf 81' lang='lat' dir='ltr'>Arsinoae).</span> <span class='ocrx_word' id='word_1_68' title='bbox 1296 1421 1343 1482; x_wconf 82' lang='lat' dir='ltr'>Cf.</span> <span class='ocrx_word' id='word_1_69' title='bbox 1368 1419 1599 1498; x_wconf 76' lang='grc' dir='ltr'><strong><em>ἀρτοκόπος.</em></strong></span> 
     </span>
    </p>

    <p class='ocr_par' dir='ltr' id='par_1_6' title="bbox 469 1516 1794 1699">
     <span class='ocr_line' id='line_1_9' title="bbox 469 1516 1794 1601; baseline 0.002 -19"><span class='ocrx_word' id='word_1_70' title='bbox 469 1516 598 1601; x_wconf 78' lang='grc' dir='ltr'><strong><em>ὄμβρος</em></strong></span> <span class='ocrx_word' id='word_1_71' title='bbox 632 1517 776 1599; x_wconf 77' lang='grc' dir='ltr'><em>ἀφρώδης</em></span> <span class='ocrx_word' id='word_1_72' title='bbox 810 1519 991 1600; x_wconf 59' lang='lat' dir='ltr'>tepentem,-</span> <span class='ocrx_word' id='word_1_73' title='bbox 1026 1524 1096 1592; x_wconf 85' lang='lat' dir='ltr'>(sic)</span> <span class='ocrx_word' id='word_1_74' title='bbox 1131 1538 1216 1596; x_wconf 88' lang='lat' dir='ltr'>aqua</span> <span class='ocrx_word' id='word_1_75' title='bbox 1250 1524 1380 1584; x_wconf 89' lang='lat' dir='ltr'>marina</span> <span class='ocrx_word' id='word_1_76' title='bbox 1409 1526 1547 1585; x_wconf 87' lang='lat' dir='ltr'>vocatur</span> <span class='ocrx_word' id='word_1_77' title='bbox 1577 1524 1794 1584; x_wconf 81' lang='lat' dir='ltr'>aTimotbeo</span> 
     </span>
     <span class='ocr_line' id='line_1_10' title="bbox 513 1624 741 1699; baseline 0.013 -17"><span class='ocrx_word' id='word_1_78' title='bbox 513 1624 602 1683; x_wconf 88' lang='lat' dir='ltr'>Pers.</span> <span class='ocrx_word' id='word_1_79' title='bbox 628 1624 669 1684; x_wconf 82' lang='lat'>72</span> <span class='ocrx_word' id='word_1_80' title='bbox 694 1640 741 1699; x_wconf 87' lang='lat' dir='ltr'>sq.</span> 
     </span>
    </p>

    <p class='ocr_par' dir='ltr' id='par_1_7' title="bbox 324 1720 938 1808">
     <span class='ocr_line' id='line_1_11' title="bbox 324 1720 938 1808; baseline 0.01 -26"><span class='ocrx_word' id='word_1_81' title='bbox 324 1740 377 1795; x_wconf 70' lang='lat' dir='ltr'>rag</span> <span class='ocrx_word' id='word_1_82' title='bbox 396 1738 443 1782; x_wconf 75' lang='lat' dir='ltr'>tes.</span> <span class='ocrx_word' id='word_1_83' title='bbox 470 1720 655 1808; x_wconf 73' lang='lat' dir='ltr'>bpppeillu.</span> <span class='ocrx_word' id='word_1_84' title='bbox 680 1720 862 1787; x_wconf 75' lang='grc' dir='ltr'>Μοισιοιιι.3</span> <span class='ocrx_word' id='word_1_85' title='bbox 884 1730 938 1789; x_wconf 88' lang='grc'><strong>42.</strong></span> 
     </span>
    </p>

    <p class='ocr_par' dir='ltr' id='par_1_8' title="bbox 471 1824 1587 1913">
     <span class='ocr_line' id='line_1_12' title="bbox 471 1824 1587 1913; baseline 0.001 -23"><span class='ocrx_word' id='word_1_86' title='bbox 471 1824 878 1913; x_wconf 67' lang='grc' dir='ltr'><strong><em>ὁμηριστήςεραψῳόός.</em></strong></span> <span class='ocrx_word' id='word_1_87' title='bbox 903 1831 985 1891; x_wconf 87' lang='lat' dir='ltr'>Add.</span> <span class='ocrx_word' id='word_1_88' title='bbox 1011 1832 1062 1891; x_wconf 83' lang='lat' dir='ltr'>Po</span> <span class='ocrx_word' id='word_1_89' title='bbox 1087 1832 1133 1890; x_wconf 90' lang='grc' dir='ltr'>ΙΙΙ</span> <span class='ocrx_word' id='word_1_90' title='bbox 1157 1833 1231 1907; x_wconf 94' lang='grc'><strong>519,</strong></span> <span class='ocrx_word' id='word_1_91' title='bbox 1257 1834 1276 1891; x_wconf 85' lang='grc'><strong>4</strong></span> <span class='ocrx_word' id='word_1_92' title='bbox 1302 1836 1398 1901; x_wconf 87' lang='lat' dir='ltr'>(saec.</span> <span class='ocrx_word' id='word_1_93' title='bbox 1421 1831 1453 1889; x_wconf 92' lang='lat' dir='ltr'>ll</span> <span class='ocrx_word' id='word_1_94' title='bbox 1475 1847 1507 1906; x_wconf 91' lang='lat' dir='ltr'>p.</span> <span class='ocrx_word' id='word_1_95' title='bbox 1531 1830 1587 1900; x_wconf 79' lang='grc'><strong>9.).</strong></span> 
     </span>
    </p>

    <p class='ocr_par' dir='ltr' id='par_1_9' title="bbox 471 1925 1798 2213">
     <span class='ocr_line' id='line_1_13' title="bbox 471 1925 1796 2009; baseline 0.003 -20"><span class='ocrx_word' id='word_1_96' title='bbox 471 1931 520 1990; x_wconf 80' lang='lat' dir='ltr'>Ad</span> <span class='ocrx_word' id='word_1_97' title='bbox 552 1925 759 2006; x_wconf 82' lang='grc' dir='ltr'><strong><em>ὀμιόμεθα.</em></strong></span> <span class='ocrx_word' id='word_1_98' title='bbox 791 1931 923 2007; x_wconf 82' lang='lat' dir='ltr'>corrige</span> <span class='ocrx_word' id='word_1_99' title='bbox 957 1934 1018 1993; x_wconf 89' lang='lat'>183</span> <span class='ocrx_word' id='word_1_100' title='bbox 1050 1948 1108 2009; x_wconf 88' lang='lat' dir='ltr'>pro</span> <span class='ocrx_word' id='word_1_101' title='bbox 1142 1935 1215 1994; x_wconf 79' lang='lat'>164.</span> <span class='ocrx_word' id='word_1_102' title='bbox 1248 1933 1381 1993; x_wconf 84' lang='lat' dir='ltr'>Similes</span> <span class='ocrx_word' id='word_1_103' title='bbox 1409 1933 1535 1994; x_wconf 84' lang='lat' dir='ltr'>formae</span> <span class='ocrx_word' id='word_1_104' title='bbox 1562 1932 1664 1993; x_wconf 84' lang='lat' dir='ltr'>futuri</span> <span class='ocrx_word' id='word_1_105' title='bbox 1696 1932 1796 1993; x_wconf 89' lang='lat' dir='ltr'>dorici</span> 
     </span>
     <span class='ocr_line' id='line_1_14' title="bbox 515 2030 1798 2113; baseline -0.002 -20"><span class='ocrx_word' id='word_1_106' title='bbox 515 2048 613 2108; x_wconf 82' lang='lat' dir='ltr'>saepe</span> <span class='ocrx_word' id='word_1_107' title='bbox 644 2036 819 2093; x_wconf 88' lang='lat' dir='ltr'>occurrunt</span> <span class='ocrx_word' id='word_1_108' title='bbox 848 2034 881 2094; x_wconf 90' lang='lat' dir='ltr'>in</span> <span class='ocrx_word' id='word_1_109' title='bbox 913 2033 1021 2094; x_wconf 87' lang='lat' dir='ltr'>titulis</span> <span class='ocrx_word' id='word_1_110' title='bbox 1048 2034 1168 2095; x_wconf 87' lang='lat' dir='ltr'>doricis</span> <span class='ocrx_word' id='word_1_111' title='bbox 1192 2035 1366 2095; x_wconf 86' lang='lat' dir='ltr'>verborum</span> <span class='ocrx_word' id='word_1_112' title='bbox 1391 2036 1673 2110; x_wconf 87' lang='lat' dir='ltr'>(compositorum)</span> <span class='ocrx_word' id='word_1_113' title='bbox 1697 2030 1798 2113; x_wconf 74' lang='grc' dir='ltr'><strong><em>ἀγγέλ-</em></strong></span> 
     </span>
     <span class='ocr_line' id='line_1_15' title="bbox 515 2132 1389 2213; baseline 0.002 -20"><span class='ocrx_word' id='word_1_114' title='bbox 515 2139 587 2210; x_wconf 85' lang='grc' dir='ltr'><strong><em>λειν,</em></strong></span> <span class='ocrx_word' id='word_1_115' title='bbox 609 2134 739 2213; x_wconf 76' lang='grc' dir='ltr'>βάλλειν,</span> <span class='ocrx_word' id='word_1_116' title='bbox 761 2132 861 2212; x_wconf 79' lang='grc' dir='ltr'><strong><em>μένειν</em></strong></span> <span class='ocrx_word' id='word_1_117' title='bbox 885 2136 918 2196; x_wconf 86' lang='lat' dir='ltr'>in</span> <span class='ocrx_word' id='word_1_118' title='bbox 942 2151 1027 2211; x_wconf 80' lang='lat' dir='ltr'>perS.</span> <span class='ocrx_word' id='word_1_119' title='bbox 1052 2138 1130 2197; x_wconf 78' lang='lat' dir='ltr'>tert.</span> <span class='ocrx_word' id='word_1_120' title='bbox 1155 2138 1238 2212; x_wconf 85' lang='lat' dir='ltr'>plur.</span> <span class='ocrx_word' id='word_1_121' title='bbox 1263 2137 1389 2196; x_wconf 84' lang='grc' dir='ltr'><strong><em>-όοντι,</em></strong></span> 
     </span>
    </p>

    <p class='ocr_par' dir='ltr' id='par_1_10' title="bbox 472 2234 1798 2520">
     <span class='ocr_line' id='line_1_16' title="bbox 472 2234 1798 2320; baseline -0.002 -21"><span class='ocrx_word' id='word_1_122' title='bbox 472 2234 870 2320; x_wconf 65' lang='grc' dir='ltr'><strong><em>ὁμνᾰσοιιεόιναμνῆοοι.</em></strong></span> <span class='ocrx_word' id='word_1_123' title='bbox 903 2237 1054 2314; x_wconf 84' lang='lat' dir='ltr'>Sapphus</span> <span class='ocrx_word' id='word_1_124' title='bbox 1084 2238 1123 2299; x_wconf 87' lang='lat' dir='ltr'>ir.</span> <span class='ocrx_word' id='word_1_125' title='bbox 1155 2239 1296 2299; x_wconf 88' lang='lat' dir='ltr'>Berolin.</span> <span class='ocrx_word' id='word_1_126' title='bbox 1329 2239 1388 2299; x_wconf 91' lang='lat' dir='ltr'>col.</span> <span class='ocrx_word' id='word_1_127' title='bbox 1420 2239 1489 2301; x_wconf 87' lang='lat'>19.</span> <span class='ocrx_word' id='word_1_128' title='bbox 1515 2239 1591 2299; x_wconf 86' lang='lat' dir='ltr'>llox</span> <span class='ocrx_word' id='word_1_129' title='bbox 1614 2238 1798 2311; x_wconf 86' lang='lat' dir='ltr'>corrigatur</span> 
     </span>
     <span class='ocr_line' id='line_1_17' title="bbox 516 2334 1797 2424; baseline 0 -26"><span class='ocrx_word' id='word_1_130' title='bbox 516 2334 730 2417; x_wconf 82' lang='grc' dir='ltr'><strong><em>όμνάσθην</em></strong></span> <span class='ocrx_word' id='word_1_131' title='bbox 754 2342 787 2402; x_wconf 81' lang='grc' dir='ltr'>θλ</span> <span class='ocrx_word' id='word_1_132' title='bbox 811 2336 1079 2417; x_wconf 77' lang='grc' dir='ltr'><strong><em>ἀμνασθῆνοιι.</em></strong></span> <span class='ocrx_word' id='word_1_133' title='bbox 1100 2339 1147 2400; x_wconf 83' lang='lat' dir='ltr'>Cf.</span> <span class='ocrx_word' id='word_1_134' title='bbox 1169 2335 1530 2424; x_wconf 78' lang='grc' dir='ltr'><strong><em>όμμιμνασιιομόνῳ</em></strong></span> <span class='ocrx_word' id='word_1_135' title='bbox 1550 2340 1683 2400; x_wconf 72' lang='lat' dir='ltr'>Theoti.</span> <span class='ocrx_word' id='word_1_136' title='bbox 1702 2337 1797 2398; x_wconf 87' lang='lat' dir='ltr'>XXX</span> 
     </span>
     <span class='ocr_line' id='line_1_18' title="bbox 517 2440 1389 2520; baseline 0.002 -19"><span class='ocrx_word' id='word_1_137' title='bbox 517 2443 558 2501; x_wconf 92' lang='grc'>23</span> <span class='ocrx_word' id='word_1_138' title='bbox 583 2458 600 2502; x_wconf 87' lang='lat' dir='ltr'>e</span> <span class='ocrx_word' id='word_1_139' title='bbox 624 2441 758 2517; x_wconf 86' lang='lat' dir='ltr'>Bergkii</span> <span class='ocrx_word' id='word_1_140' title='bbox 781 2444 982 2504; x_wconf 83' lang='lat' dir='ltr'>correctione</span> <span class='ocrx_word' id='word_1_141' title='bbox 1006 2458 1064 2518; x_wconf 92' lang='lat' dir='ltr'>pro</span> <span class='ocrx_word' id='word_1_142' title='bbox 1088 2440 1160 2520; x_wconf 88' lang='grc' dir='ltr'><strong><em>όμμι</em></strong></span> <span class='ocrx_word' id='word_1_143' title='bbox 1183 2440 1389 2520; x_wconf 80' lang='grc' dir='ltr'><strong><em>μνοσκομένω.</em></strong></span> 
     </span>
    </p>

    <p class='ocr_par' dir='ltr' id='par_1_11' title="bbox 472 2538 1090 2625">
     <span class='ocr_line' id='line_1_19' title="bbox 472 2538 1090 2625; baseline -0.005 -19"><span class='ocrx_word' id='word_1_144' title='bbox 472 2538 628 2625; x_wconf 75' lang='grc' dir='ltr'><strong>ὀμνύναι.</strong></span> <span class='ocrx_word' id='word_1_145' title='bbox 653 2544 714 2604; x_wconf 85' lang='lat' dir='ltr'>Vid</span> <span class='ocrx_word' id='word_1_146' title='bbox 738 2560 838 2620; x_wconf 91' lang='lat' dir='ltr'>supra</span> <span class='ocrx_word' id='word_1_147' title='bbox 860 2544 1090 2623; x_wconf 82' lang='grc' dir='ltr'><strong><em>βωμοίνιιν.</em></strong></span> 
     </span>
    </p>

    <p class='ocr_par' dir='ltr' id='par_1_12' title="bbox 473 2643 1799 2827">
     <span class='ocr_line' id='line_1_20' title="bbox 473 2643 1799 2729; baseline -0.003 -20"><span class='ocrx_word' id='word_1_148' title='bbox 473 2643 702 2729; x_wconf 71' lang='grc' dir='ltr'>ὁμογάστριος</span> <span class='ocrx_word' id='word_1_149' title='bbox 721 2643 836 2723; x_wconf 79' lang='grc' dir='ltr'><strong><em>ἀδελφή</em></strong></span> <span class='ocrx_word' id='word_1_150' title='bbox 861 2650 909 2717; x_wconf 90' lang='lat' dir='ltr'>(ut</span> <span class='ocrx_word' id='word_1_151' title='bbox 932 2663 982 2722; x_wconf 89' lang='lat' dir='ltr'>ap.</span> <span class='ocrx_word' id='word_1_152' title='bbox 1008 2647 1203 2717; x_wconf 86' lang='lat' dir='ltr'>Homerum)</span> <span class='ocrx_word' id='word_1_153' title='bbox 1227 2663 1284 2723; x_wconf 91' lang='lat' dir='ltr'>pro</span> <span class='ocrx_word' id='word_1_154' title='bbox 1308 2644 1487 2726; x_wconf 80' lang='grc' dir='ltr'><strong><em>ὁμομήτριος</em></strong></span> <span class='ocrx_word' id='word_1_155' title='bbox 1510 2648 1562 2707; x_wconf 90' lang='grc' dir='ltr'>ΡΒ</span> <span class='ocrx_word' id='word_1_156' title='bbox 1587 2648 1662 2723; x_wconf 84' lang='grc'><strong>405,</strong></span> <span class='ocrx_word' id='word_1_157' title='bbox 1688 2649 1719 2722; x_wconf 90' lang='grc'>5,</span> <span class='ocrx_word' id='word_1_158' title='bbox 1743 2645 1799 2706; x_wconf 90' lang='lat' dir='ltr'>sed</span> 
     </span>
     <span class='ocr_line' id='line_1_21' title="bbox 518 2746 1357 2827; baseline 0 -19"><span class='ocrx_word' id='word_1_159' title='bbox 518 2749 710 2824; x_wconf 85' lang='lat' dir='ltr'>plerumque</span> <span class='ocrx_word' id='word_1_160' title='bbox 733 2750 848 2824; x_wconf 86' lang='lat' dir='ltr'>papyri</span> <span class='ocrx_word' id='word_1_161' title='bbox 871 2765 998 2823; x_wconf 88' lang='lat' dir='ltr'>quoque</span> <span class='ocrx_word' id='word_1_162' title='bbox 1022 2750 1145 2811; x_wconf 89' lang='lat' dir='ltr'>habent</span> <span class='ocrx_word' id='word_1_163' title='bbox 1168 2746 1357 2827; x_wconf 76' lang='grc' dir='ltr'><strong><em>ὁμομήτριος.</em></strong></span> 
     </span>
    </p>

    <p class='ocr_par' dir='ltr' id='par_1_13' title="bbox 328 2846 1634 2931">
     <span class='ocr_line' id='line_1_22' title="bbox 328 2846 1634 2931; baseline 0 -19"><span class='ocrx_word' id='word_1_164' title='bbox 328 2876 448 2931; x_wconf 62' lang='lat' dir='ltr'>paam.</span> <span class='ocrx_word' id='word_1_165' title='bbox 477 2852 525 2911; x_wconf 81' lang='grc' dir='ltr'>ιι</span> <span class='ocrx_word' id='word_1_166' title='bbox 549 2846 794 2930; x_wconf 68' lang='grc' dir='ltr'><strong><em>ιμογνήοιος</em></strong></span> <span class='ocrx_word' id='word_1_167' title='bbox 818 2852 891 2913; x_wconf 82' lang='lat' dir='ltr'>auu.</span> <span class='ocrx_word' id='word_1_168' title='bbox 916 2853 967 2913; x_wconf 82' lang='lat' dir='ltr'>Po</span> <span class='ocrx_word' id='word_1_169' title='bbox 992 2853 1040 2912; x_wconf 87' lang='grc' dir='ltr'>ιιι</span> <span class='ocrx_word' id='word_1_170' title='bbox 1067 2854 1166 2928; x_wconf 79' lang='lat' dir='ltr'>isos,</span> <span class='ocrx_word' id='word_1_171' title='bbox 1192 2855 1212 2912; x_wconf 85' lang='lat'>4</span> <span class='ocrx_word' id='word_1_172' title='bbox 1222 2870 1230 2926; x_wconf 90' lang='lat'>;</span> <span class='ocrx_word' id='word_1_173' title='bbox 1256 2853 1331 2927; x_wconf 79' lang='lat' dir='ltr'>toa,</span> <span class='ocrx_word' id='word_1_174' title='bbox 1357 2853 1398 2911; x_wconf 79' lang='lat' dir='ltr'>aa</span> <span class='ocrx_word' id='word_1_175' title='bbox 1423 2854 1498 2922; x_wconf 76' lang='lat'>(102</span> <span class='ocrx_word' id='word_1_176' title='bbox 1523 2868 1552 2927; x_wconf 81' lang='lat' dir='ltr'>p.</span> <span class='ocrx_word' id='word_1_177' title='bbox 1578 2851 1634 2922; x_wconf 79' lang='lat' dir='ltr'>c).</span> 
     </span>
    </p>

    <p class='ocr_par' dir='ltr' id='par_1_14' title="bbox 474 2948 1803 3337">
     <span class='ocr_line' id='line_1_23' title="bbox 474 2948 1801 3033; baseline -0.001 -20"><span class='ocrx_word' id='word_1_178' title='bbox 474 2953 523 3013; x_wconf 84' lang='lat' dir='ltr'>Ad</span> <span class='ocrx_word' id='word_1_179' title='bbox 555 2948 755 3031; x_wconf 82' lang='grc' dir='ltr'><strong><em>ὁμόλογος.</em></strong></span> <span class='ocrx_word' id='word_1_180' title='bbox 785 2953 913 3014; x_wconf 85' lang='lat' dir='ltr'>Ultimo</span> <span class='ocrx_word' id='word_1_181' title='bbox 943 2950 1247 3033; x_wconf 69' lang='lat' dir='ltr'>loco=ipottys9‚</span> <span class='ocrx_word' id='word_1_182' title='bbox 1278 2956 1297 3015; x_wconf 91' lang='lat' dir='ltr'>i.</span> <span class='ocrx_word' id='word_1_183' title='bbox 1323 2972 1350 3015; x_wconf 85' lang='lat' dir='ltr'>e.</span> <span class='ocrx_word' id='word_1_184' title='bbox 1383 2952 1635 3033; x_wconf 77' lang='grc' dir='ltr'><strong><em>ὁμολογουμένως.</em></strong></span> <span class='ocrx_word' id='word_1_185' title='bbox 1666 2954 1801 3029; x_wconf 77' lang='lat' dir='ltr'>Legitur</span> 
     </span>
     <span class='ocr_line' id='line_1_24' title="bbox 520 3047 1799 3136; baseline -0.002 -20"><span class='ocrx_word' id='word_1_186' title='bbox 520 3055 609 3116; x_wconf 90' lang='lat' dir='ltr'>enim</span> <span class='ocrx_word' id='word_1_187' title='bbox 633 3056 685 3114; x_wconf 92' lang='lat' dir='ltr'>PB</span> <span class='ocrx_word' id='word_1_188' title='bbox 711 3056 774 3115; x_wconf 82' lang='lat'>372</span> <span class='ocrx_word' id='word_1_189' title='bbox 799 3047 886 3127; x_wconf 80' lang='grc' dir='ltr'><strong><em>οὗτος</em></strong></span> <span class='ocrx_word' id='word_1_190' title='bbox 910 3053 1009 3116; x_wconf 75' lang='grc' dir='ltr'><strong><em>οὐκέτι</em></strong></span> <span class='ocrx_word' id='word_1_191' title='bbox 1029 3053 1069 3127; x_wconf 84' lang='grc' dir='ltr'>ὡς</span> <span class='ocrx_word' id='word_1_192' title='bbox 1088 3055 1282 3131; x_wconf 76' lang='grc' dir='ltr'><strong><em>ὕποπτος,</em></strong></span> <span class='ocrx_word' id='word_1_193' title='bbox 1305 3051 1364 3115; x_wconf 79' lang='grc' dir='ltr'><strong><em>ἀλλ’</em></strong></span> <span class='ocrx_word' id='word_1_194' title='bbox 1391 3053 1430 3128; x_wconf 82' lang='grc' dir='ltr'>ὡς</span> <span class='ocrx_word' id='word_1_195' title='bbox 1455 3052 1647 3136; x_wconf 79' lang='grc' dir='ltr'><strong><em>ὁμόλογος</em></strong></span> <span class='ocrx_word' id='word_1_196' title='bbox 1670 3061 1799 3132; x_wconf 80' lang='grc' dir='ltr'><strong><em>κακοῦρ-</em></strong></span> 
     </span>
     <span class='ocr_line' id='line_1_25' title="bbox 519 3154 1803 3236; baseline 0 -20"><span class='ocrx_word' id='word_1_197' title='bbox 519 3179 570 3236; x_wconf 85' lang='grc' dir='ltr'><strong><em>γος</em></strong></span> <span class='ocrx_word' id='word_1_198' title='bbox 594 3154 782 3234; x_wconf 80' lang='grc' dir='ltr'><strong><em>συνληφθελς</em></strong></span> <span class='ocrx_word' id='word_1_199' title='bbox 816 3156 891 3235; x_wconf 80' lang='grc' dir='ltr'><strong><em>πρός</em></strong></span> <span class='ocrx_word' id='word_1_200' title='bbox 921 3179 957 3232; x_wconf 83' lang='grc' dir='ltr'><strong><em>με</em></strong></span> <span class='ocrx_word' id='word_1_201' title='bbox 987 3154 1266 3234; x_wconf 61' lang='lat' dir='ltr'>absumpsissent.</span> <span class='ocrx_word' id='word_1_202' title='bbox 1299 3158 1453 3220; x_wconf 79' lang='lat' dir='ltr'>Ceterum</span> <span class='ocrx_word' id='word_1_203' title='bbox 1477 3160 1511 3219; x_wconf 86' lang='lat' dir='ltr'>in</span> <span class='ocrx_word' id='word_1_204' title='bbox 1541 3159 1700 3234; x_wconf 82' lang='lat' dir='ltr'>perpetua</span> <span class='ocrx_word' id='word_1_205' title='bbox 1731 3171 1803 3216; x_wconf 87' lang='lat' dir='ltr'>con·</span> 
     </span>
     <span class='ocr_line' id='line_1_26' title="bbox 520 3255 1800 3337; baseline -0.003 -18"><span class='ocrx_word' id='word_1_206' title='bbox 520 3259 649 3320; x_wconf 82' lang='lat' dir='ltr'>fusione</span> <span class='ocrx_word' id='word_1_207' title='bbox 672 3260 837 3320; x_wconf 89' lang='lat' dir='ltr'>vocalium</span> <span class='ocrx_word' id='word_1_208' title='bbox 861 3270 878 3319; x_wconf 84' lang='grc'><strong>5</strong></span> <span class='ocrx_word' id='word_1_209' title='bbox 902 3262 935 3321; x_wconf 89' lang='lat' dir='ltr'>et</span> <span class='ocrx_word' id='word_1_210' title='bbox 960 3269 984 3317; x_wconf 80' lang='grc' dir='ltr'><strong><em>ιο</em></strong></span> <span class='ocrx_word' id='word_1_211' title='bbox 1006 3258 1077 3320; x_wconf 88' lang='lat' dir='ltr'>lieri</span> <span class='ocrx_word' id='word_1_212' title='bbox 1101 3262 1211 3335; x_wconf 87' lang='lat' dir='ltr'>potest</span> <span class='ocrx_word' id='word_1_213' title='bbox 1233 3263 1271 3321; x_wconf 92' lang='lat' dir='ltr'>ut</span> <span class='ocrx_word' id='word_1_214' title='bbox 1294 3261 1402 3321; x_wconf 90' lang='lat' dir='ltr'>scriba</span> <span class='ocrx_word' id='word_1_215' title='bbox 1425 3261 1566 3321; x_wconf 89' lang='lat' dir='ltr'>voluerit</span> <span class='ocrx_word' id='word_1_216' title='bbox 1589 3255 1800 3337; x_wconf 79' lang='grc' dir='ltr'><strong><em>ὁμολόγως.</em></strong></span> 
     </span>
    </p>

    <p class='ocr_par' dir='ltr' id='par_1_15' title="bbox 476 3358 1799 3543">
     <span class='ocr_line' id='line_1_27' title="bbox 476 3358 1799 3444; baseline -0.004 -19"><span class='ocrx_word' id='word_1_217' title='bbox 476 3358 697 3444; x_wconf 79' lang='grc' dir='ltr'><strong><em>ὁμομὸιιεμεν</em></strong></span> <span class='ocrx_word' id='word_1_218' title='bbox 711 3385 753 3410; x_wconf 90' lang='lat'>=</span> <span class='ocrx_word' id='word_1_219' title='bbox 767 3358 973 3439; x_wconf 79' lang='grc' dir='ltr'><strong><em>ὀμωμόκαμεν.</em></strong></span> <span class='ocrx_word' id='word_1_220' title='bbox 998 3363 1076 3437; x_wconf 88' lang='lat' dir='ltr'>Pap.</span> <span class='ocrx_word' id='word_1_221' title='bbox 1102 3377 1173 3437; x_wconf 85' lang='lat' dir='ltr'>aeg.</span> <span class='ocrx_word' id='word_1_222' title='bbox 1197 3377 1283 3423; x_wconf 88' lang='lat' dir='ltr'>saec.</span> <span class='ocrx_word' id='word_1_223' title='bbox 1308 3363 1340 3422; x_wconf 91' lang='lat' dir='ltr'>ll</span> <span class='ocrx_word' id='word_1_224' title='bbox 1364 3378 1392 3423; x_wconf 90' lang='lat' dir='ltr'>a.</span> <span class='ocrx_word' id='word_1_225' title='bbox 1414 3360 1446 3423; x_wconf 83' lang='lat'>0.</span> <span class='ocrx_word' id='word_1_226' title='bbox 1469 3363 1553 3433; x_wconf 68' lang='lat' dir='ltr'>(wi.</span> <span class='ocrx_word' id='word_1_227' title='bbox 1574 3362 1620 3422; x_wconf 83' lang='lat' dir='ltr'>cf.</span> <span class='ocrx_word' id='word_1_228' title='bbox 1641 3362 1675 3421; x_wconf 93' lang='lat' dir='ltr'>in</span> <span class='ocrx_word' id='word_1_229' title='bbox 1692 3360 1799 3421; x_wconf 82' lang='lat' dir='ltr'>lexico</span> 
     </span>
     <span class='ocr_line' id='line_1_28' title="bbox 520 3464 1214 3543; baseline -0.001 -17"><span class='ocrx_word' id='word_1_230' title='bbox 520 3464 715 3543; x_wconf 84' lang='grc' dir='ltr'><strong><em>ὀμώμεκο,</em></strong></span> <span class='ocrx_word' id='word_1_231' title='bbox 739 3465 792 3526; x_wconf 93' lang='lat' dir='ltr'>ubi</span> <span class='ocrx_word' id='word_1_232' title='bbox 816 3466 889 3526; x_wconf 87' lang='lat' dir='ltr'>add.</span> <span class='ocrx_word' id='word_1_233' title='bbox 913 3465 965 3525; x_wconf 88' lang='grc' dir='ltr'>ΡΟ</span> <span class='ocrx_word' id='word_1_234' title='bbox 989 3465 1037 3525; x_wconf 88' lang='lat' dir='ltr'>Ill</span> <span class='ocrx_word' id='word_1_235' title='bbox 1061 3466 1136 3541; x_wconf 81' lang='lat'>478,</span> <span class='ocrx_word' id='word_1_236' title='bbox 1161 3466 1214 3525; x_wconf 80' lang='lat'>44.</span> 
     </span>
    </p>

    <p class='ocr_par' dir='ltr' id='par_1_16' title="bbox 476 3566 1639 3653">
     <span class='ocr_line' id='line_1_29' title="bbox 476 3566 1639 3653; baseline -0.004 -21"><span class='ocrx_word' id='word_1_237' title='bbox 476 3568 692 3653; x_wconf 81' lang='grc' dir='ltr'><strong><em>ὁμοσκηνοὸν</em></strong></span> <span class='ocrx_word' id='word_1_238' title='bbox 718 3567 829 3639; x_wconf 85' lang='lat' dir='ltr'>(iniln.)</span> <span class='ocrx_word' id='word_1_239' title='bbox 853 3568 933 3628; x_wconf 89' lang='lat' dir='ltr'>vitio</span> <span class='ocrx_word' id='word_1_240' title='bbox 957 3570 1085 3628; x_wconf 90' lang='lat' dir='ltr'>uatum.</span> <span class='ocrx_word' id='word_1_241' title='bbox 1110 3566 1156 3627; x_wconf 83' lang='lat' dir='ltr'>Cf.</span> <span class='ocrx_word' id='word_1_242' title='bbox 1181 3566 1283 3628; x_wconf 84' lang='lat' dir='ltr'>Cobet</span> <span class='ocrx_word' id='word_1_243' title='bbox 1306 3568 1386 3628; x_wconf 91' lang='lat' dir='ltr'>Nov.</span> <span class='ocrx_word' id='word_1_244' title='bbox 1411 3569 1484 3628; x_wconf 86' lang='lat' dir='ltr'>lect.</span> <span class='ocrx_word' id='word_1_245' title='bbox 1509 3584 1539 3642; x_wconf 88' lang='lat' dir='ltr'>p.</span> <span class='ocrx_word' id='word_1_246' title='bbox 1566 3569 1581 3627; x_wconf 72' lang='lat' dir='ltr'>i</span> <span class='ocrx_word' id='word_1_247' title='bbox 1588 3568 1639 3627; x_wconf 85' lang='lat'>23.</span> 
     </span>
    </p>

    <p class='ocr_par' dir='ltr' id='par_1_17' title="bbox 476 3668 1515 3759">
     <span class='ocr_line' id='line_1_30' title="bbox 476 3668 1515 3759; baseline -0.005 -25"><span class='ocrx_word' id='word_1_248' title='bbox 476 3669 680 3753; x_wconf 80' lang='grc' dir='ltr'><strong><em>ὁμόσπορος.</em></strong></span> <span class='ocrx_word' id='word_1_249' title='bbox 704 3672 785 3732; x_wconf 83' lang='lat' dir='ltr'>Add.</span> <span class='ocrx_word' id='word_1_250' title='bbox 808 3672 925 3746; x_wconf 81' lang='lat' dir='ltr'>fragm.</span> <span class='ocrx_word' id='word_1_251' title='bbox 949 3672 1032 3744; x_wconf 87' lang='lat' dir='ltr'>trag.</span> <span class='ocrx_word' id='word_1_252' title='bbox 1057 3669 1167 3759; x_wconf 75' lang='lat' dir='ltr'>(irent.</span> <span class='ocrx_word' id='word_1_253' title='bbox 1191 3669 1265 3730; x_wconf 85' lang='lat'>116</span> <span class='ocrx_word' id='word_1_254' title='bbox 1289 3668 1343 3747; x_wconf 82' lang='lat' dir='ltr'>(a),</span> <span class='ocrx_word' id='word_1_255' title='bbox 1366 3670 1406 3731; x_wconf 90' lang='lat' dir='ltr'>ir.</span> <span class='ocrx_word' id='word_1_256' title='bbox 1433 3672 1460 3746; x_wconf 88' lang='lat'>1,</span> <span class='ocrx_word' id='word_1_257' title='bbox 1486 3670 1515 3729; x_wconf 92' lang='grc'><strong>2.</strong></span> 
     </span>
    </p>

    <p class='ocr_par' dir='ltr' id='par_1_18' title="bbox 477 3766 1801 3951">
     <span class='ocr_line' id='line_1_31' title="bbox 477 3766 1801 3855; baseline -0.007 -19"><span class='ocrx_word' id='word_1_258' title='bbox 477 3770 686 3855; x_wconf 79' lang='grc' dir='ltr'><strong><em>ὁμοστιχάει.</em></strong></span> <span class='ocrx_word' id='word_1_259' title='bbox 721 3775 818 3834; x_wconf 87' lang='grc' dir='ltr'><strong>Ηοιιι.</strong></span> <span class='ocrx_word' id='word_1_260' title='bbox 854 3774 879 3834; x_wconf 93' lang='lat'>0</span> <span class='ocrx_word' id='word_1_261' title='bbox 915 3774 990 3833; x_wconf 83' lang='lat'>685.</span> <span class='ocrx_word' id='word_1_262' title='bbox 1025 3772 1071 3833; x_wconf 89' lang='lat' dir='ltr'>De</span> <span class='ocrx_word' id='word_1_263' title='bbox 1106 3772 1322 3847; x_wconf 85' lang='lat' dir='ltr'>componendi</span> <span class='ocrx_word' id='word_1_264' title='bbox 1356 3773 1484 3833; x_wconf 88' lang='lat' dir='ltr'>ratione</span> <span class='ocrx_word' id='word_1_265' title='bbox 1518 3772 1585 3846; x_wconf 91' lang='lat' dir='ltr'>egit</span> <span class='ocrx_word' id='word_1_266' title='bbox 1615 3770 1666 3830; x_wconf 87' lang='lat' dir='ltr'>Fr.</span> <span class='ocrx_word' id='word_1_267' title='bbox 1699 3766 1801 3843; x_wconf 83' lang='lat' dir='ltr'>Stolz,</span> 
     </span>
     <span class='ocr_line' id='line_1_32' title="bbox 521 3876 1128 3951; baseline -0.002 -15"><span class='ocrx_word' id='word_1_268' title='bbox 521 3877 626 3937; x_wconf 88' lang='lat' dir='ltr'>Wien.</span> <span class='ocrx_word' id='word_1_269' title='bbox 652 3877 743 3937; x_wconf 86' lang='lat' dir='ltr'>Stud.</span> <span class='ocrx_word' id='word_1_270' title='bbox 768 3876 869 3951; x_wconf 86' lang='lat' dir='ltr'>XXV,</span> <span class='ocrx_word' id='word_1_271' title='bbox 895 3891 966 3950; x_wconf 86' lang='lat' dir='ltr'>pag.</span> <span class='ocrx_word' id='word_1_272' title='bbox 991 3876 1056 3935; x_wconf 82' lang='lat'>280</span> <span class='ocrx_word' id='word_1_273' title='bbox 1080 3890 1128 3948; x_wconf 85' lang='lat' dir='ltr'>sq.</span> 
     </span>
    </p>

    <p class='ocr_par' dir='ltr' id='par_1_19' title="bbox 477 3970 1474 4058">
     <span class='ocr_line' id='line_1_33' title="bbox 477 3970 1474 4058; baseline -0.008 -17"><span class='ocrx_word' id='word_1_274' title='bbox 477 3983 524 4041; x_wconf 85' lang='lat' dir='ltr'>Ad</span> <span class='ocrx_word' id='word_1_275' title='bbox 550 3977 748 4058; x_wconf 78' lang='grc' dir='ltr'><strong><em>ὁμοοεγός.</em></strong></span> <span class='ocrx_word' id='word_1_276' title='bbox 773 3978 949 4053; x_wconf 89' lang='lat' dir='ltr'>Perperam</span> <span class='ocrx_word' id='word_1_277' title='bbox 974 3970 1159 4037; x_wconf 82' lang='lat' dir='ltr'>Meisterh.³</span> <span class='ocrx_word' id='word_1_278' title='bbox 1182 3978 1235 4052; x_wconf 89' lang='grc'>91,</span> <span class='ocrx_word' id='word_1_279' title='bbox 1263 3978 1302 4037; x_wconf 92' lang='grc'>15</span> <span class='ocrx_word' id='word_1_280' title='bbox 1327 3972 1474 4054; x_wconf 79' lang='grc' dir='ltr'><strong><em>όμόοεγος.</em></strong></span> 
     </span>
    </p>

    <p class='ocr_par' dir='ltr' id='par_1_20' title="bbox 476 4072 1808 4975">
     <span class='ocr_line' id='line_1_34' title="bbox 476 4072 1804 4164; baseline -0.009 -19"><span class='ocrx_word' id='word_1_281' title='bbox 476 4078 645 4164; x_wconf 74' lang='grc' dir='ltr'><strong><em>ὀμφαλός.</em></strong></span> <span class='ocrx_word' id='word_1_282' title='bbox 671 4082 728 4143; x_wconf 90' lang='lat' dir='ltr'>Od.</span> <span class='ocrx_word' id='word_1_283' title='bbox 753 4104 772 4139; x_wconf 87' lang='grc' dir='ltr'><strong>α</strong></span> <span class='ocrx_word' id='word_1_284' title='bbox 797 4083 839 4141; x_wconf 82' lang='lat'>50</span> <span class='ocrx_word' id='word_1_285' title='bbox 864 4079 943 4163; x_wconf 82' lang='grc' dir='ltr'><strong><em>νήσῳ</em></strong></span> <span class='ocrx_word' id='word_1_286' title='bbox 968 4076 1000 4139; x_wconf 75' lang='grc' dir='ltr'>ἐν</span> <span class='ocrx_word' id='word_1_287' title='bbox 1024 4077 1179 4161; x_wconf 76' lang='grc' dir='ltr'><strong><em>ἀμφιρύτῃ</em></strong></span> <span class='ocrx_word' id='word_1_288' title='bbox 1203 4077 1255 4137; x_wconf 78' lang='grc' dir='ltr'><strong>ὅθι</strong></span> <span class='ocrx_word' id='word_1_289' title='bbox 1278 4072 1298 4137; x_wconf 88' lang='grc' dir='ltr'>τ’</span> <span class='ocrx_word' id='word_1_290' title='bbox 1322 4074 1456 4154; x_wconf 83' lang='grc' dir='ltr'><strong><em>ὀμφαλός</em></strong></span> <span class='ocrx_word' id='word_1_291' title='bbox 1476 4074 1536 4136; x_wconf 76' lang='grc' dir='ltr'><strong><em>ἔστι</em></strong></span> <span class='ocrx_word' id='word_1_292' title='bbox 1556 4075 1720 4152; x_wconf 81' lang='grc' dir='ltr'><strong><em>θαλάσσης.</em></strong></span> <span class='ocrx_word' id='word_1_293' title='bbox 1740 4074 1804 4134; x_wconf 82' lang='lat' dir='ltr'>Hic</span> 
     </span>
     <span class='ocr_line' id='line_1_35' title="bbox 520 4177 1803 4258; baseline -0.005 -15"><span class='ocrx_word' id='word_1_294' title='bbox 520 4184 611 4243; x_wconf 92' lang='lat' dir='ltr'>locus</span> <span class='ocrx_word' id='word_1_295' title='bbox 642 4183 739 4258; x_wconf 89' lang='lat' dir='ltr'>vulgo</span> <span class='ocrx_word' id='word_1_296' title='bbox 763 4182 967 4258; x_wconf 90' lang='lat' dir='ltr'>intellegitur</span> <span class='ocrx_word' id='word_1_297' title='bbox 990 4182 1029 4243; x_wconf 90' lang='lat' dir='ltr'>de</span> <span class='ocrx_word' id='word_1_298' title='bbox 1053 4181 1269 4257; x_wconf 79' lang='lat' dir='ltr'>(Calypsonis)</span> <span class='ocrx_word' id='word_1_299' title='bbox 1294 4180 1404 4240; x_wconf 89' lang='lat' dir='ltr'>insula</span> <span class='ocrx_word' id='word_1_300' title='bbox 1426 4179 1491 4240; x_wconf 90' lang='lat' dir='ltr'>sita</span> <span class='ocrx_word' id='word_1_301' title='bbox 1515 4180 1548 4239; x_wconf 93' lang='lat' dir='ltr'>in</span> <span class='ocrx_word' id='word_1_302' title='bbox 1571 4177 1803 4251; x_wconf 86' lang='lat' dir='ltr'>mediomari,</span> 
     </span>
     <span class='ocr_line' id='line_1_36' title="bbox 522 4277 1803 4363; baseline -0.007 -18"><span class='ocrx_word' id='word_1_303' title='bbox 522 4288 559 4345; x_wconf 92' lang='lat' dir='ltr'>ut</span> <span class='ocrx_word' id='word_1_304' title='bbox 589 4288 704 4361; x_wconf 87' lang='lat' dir='ltr'>postea</span> <span class='ocrx_word' id='word_1_305' title='bbox 733 4285 850 4361; x_wconf 90' lang='lat' dir='ltr'>Delphi</span> <span class='ocrx_word' id='word_1_306' title='bbox 880 4292 934 4363; x_wconf 74' lang='grc' dir='ltr'>γῆς</span> <span class='ocrx_word' id='word_1_307' title='bbox 964 4280 1099 4361; x_wconf 78' lang='grc' dir='ltr'><strong><em>ὀμφαλός</em></strong></span> <span class='ocrx_word' id='word_1_308' title='bbox 1128 4285 1317 4345; x_wconf 87' lang='lat' dir='ltr'>ducebatur.</span> <span class='ocrx_word' id='word_1_309' title='bbox 1345 4283 1479 4343; x_wconf 80' lang='lat' dir='ltr'>Rectius</span> <span class='ocrx_word' id='word_1_310' title='bbox 1501 4282 1644 4341; x_wconf 81' lang='lat' dir='ltr'>fortasse</span> <span class='ocrx_word' id='word_1_311' title='bbox 1667 4277 1803 4352; x_wconf 79' lang='lat' dir='ltr'>Berard,</span> 
     </span>
     <span class='ocr_line' id='line_1_37' title="bbox 524 4378 1804 4461; baseline -0.008 -13"><span class='ocrx_word' id='word_1_312' title='bbox 524 4390 600 4448; x_wconf 90' lang='lat' dir='ltr'>Les</span> <span class='ocrx_word' id='word_1_313' title='bbox 633 4388 890 4450; x_wconf 87' lang='lat' dir='ltr'>Pheniclens</span> <span class='ocrx_word' id='word_1_314' title='bbox 924 4389 964 4447; x_wconf 91' lang='lat' dir='ltr'>et</span> <span class='ocrx_word' id='word_1_315' title='bbox 998 4386 1223 4460; x_wconf 83' lang='lat' dir='ltr'>1&#39;0dyssee</span> <span class='ocrx_word' id='word_1_316' title='bbox 1258 4387 1273 4445; x_wconf 89' lang='lat' dir='ltr'>l</span> <span class='ocrx_word' id='word_1_317' title='bbox 1307 4402 1337 4461; x_wconf 89' lang='lat' dir='ltr'>p.</span> <span class='ocrx_word' id='word_1_318' title='bbox 1377 4386 1439 4445; x_wconf 90' lang='lat'>188</span> <span class='ocrx_word' id='word_1_319' title='bbox 1470 4383 1708 4457; x_wconf 89' lang='lat' dir='ltr'>interpretatur</span> <span class='ocrx_word' id='word_1_320' title='bbox 1741 4378 1804 4454; x_wconf 79' lang='lat' dir='ltr'>„ils</span> 
     </span>
     <span class='ocr_line' id='line_1_38' title="bbox 524 4481 1805 4557; baseline -0.009 -5"><span class='ocrx_word' id='word_1_321' title='bbox 524 4492 646 4553; x_wconf 82' lang='lat' dir='ltr'>cerclee</span> <span class='ocrx_word' id='word_1_322' title='bbox 658 4492 698 4551; x_wconf 91' lang='lat' dir='ltr'>de</span> <span class='ocrx_word' id='word_1_323' title='bbox 710 4492 865 4551; x_wconf 90' lang='lat' dir='ltr'>courants</span> <span class='ocrx_word' id='word_1_324' title='bbox 878 4504 919 4550; x_wconf 94' lang='lat' dir='ltr'>ou</span> <span class='ocrx_word' id='word_1_325' title='bbox 932 4505 968 4550; x_wconf 89' lang='lat' dir='ltr'>se</span> <span class='ocrx_word' id='word_1_326' title='bbox 988 4489 1101 4549; x_wconf 88' lang='lat' dir='ltr'>drcsse</span> <span class='ocrx_word' id='word_1_327' title='bbox 1121 4503 1163 4547; x_wconf 92' lang='lat' dir='ltr'>un</span> <span class='ocrx_word' id='word_1_328' title='bbox 1183 4488 1367 4548; x_wconf 90' lang='lat' dir='ltr'>nombril</span> <span class='ocrx_word' id='word_1_329' title='bbox 1387 4491 1462 4557; x_wconf 80' lang='lat' dir='ltr'>(une</span> <span class='ocrx_word' id='word_1_330' title='bbox 1482 4481 1805 4556; x_wconf 85' lang='lat' dir='ltr'>boursouflure,</span> 
     </span>
     <span class='ocr_line' id='line_1_39' title="bbox 524 4581 1806 4668; baseline -0.012 -12"><span class='ocrx_word' id='word_1_331' title='bbox 524 4612 587 4656; x_wconf 92' lang='lat' dir='ltr'>une</span> <span class='ocrx_word' id='word_1_332' title='bbox 610 4594 753 4668; x_wconf 85' lang='lat' dir='ltr'>points</span> <span class='ocrx_word' id='word_1_333' title='bbox 777 4592 991 4662; x_wconf 83' lang='lat' dir='ltr'>arrondie)</span> <span class='ocrx_word' id='word_1_334' title='bbox 1016 4591 1055 4650; x_wconf 89' lang='lat' dir='ltr'>de</span> <span class='ocrx_word' id='word_1_335' title='bbox 1085 4589 1118 4650; x_wconf 85' lang='lat' dir='ltr'>la</span> <span class='ocrx_word' id='word_1_336' title='bbox 1140 4590 1232 4650; x_wconf 89' lang='lat' dir='ltr'>mer&#39;’</span> <span class='ocrx_word' id='word_1_337' title='bbox 1257 4589 1330 4651; x_wconf 92' lang='lat' dir='ltr'>coll.</span> <span class='ocrx_word' id='word_1_338' title='bbox 1354 4588 1440 4649; x_wconf 91' lang='lat' dir='ltr'>scuti</span> <span class='ocrx_word' id='word_1_339' title='bbox 1463 4585 1620 4648; x_wconf 86' lang='lat' dir='ltr'>homerici</span> <span class='ocrx_word' id='word_1_340' title='bbox 1639 4581 1806 4644; x_wconf 87' lang='lat' dir='ltr'>umbilicis</span> 
     </span>
     <span class='ocr_line' id='line_1_40' title="bbox 524 4684 1804 4764; baseline -0.008 -11"><span class='ocrx_word' id='word_1_341' title='bbox 524 4701 554 4753; x_wconf 83' lang='grc' dir='ltr'><em>Λ</em></span> <span class='ocrx_word' id='word_1_342' title='bbox 578 4698 620 4755; x_wconf 85' lang='grc'>34</span> <span class='ocrx_word' id='word_1_343' title='bbox 644 4695 695 4764; x_wconf 85' lang='lat' dir='ltr'>(cf.</span> <span class='ocrx_word' id='word_1_344' title='bbox 721 4695 761 4754; x_wconf 91' lang='lat' dir='ltr'>N.</span> <span class='ocrx_word' id='word_1_345' title='bbox 789 4696 862 4755; x_wconf 91' lang='grc'>192.</span> <span class='ocrx_word' id='word_1_346' title='bbox 887 4694 918 4752; x_wconf 80' lang='lat' dir='ltr'>n</span> <span class='ocrx_word' id='word_1_347' title='bbox 941 4695 1028 4763; x_wconf 81' lang='lat'>273).</span> <span class='ocrx_word' id='word_1_348' title='bbox 1054 4727 1095 4735; x_wconf 93' lang='lat'>—</span> <span class='ocrx_word' id='word_1_349' title='bbox 1120 4691 1166 4753; x_wconf 82' lang='lat' dir='ltr'>cf.</span> <span class='ocrx_word' id='word_1_350' title='bbox 1192 4692 1292 4752; x_wconf 90' lang='lat' dir='ltr'>etiam</span> <span class='ocrx_word' id='word_1_351' title='bbox 1317 4693 1356 4753; x_wconf 87' lang='lat' dir='ltr'>de</span> <span class='ocrx_word' id='word_1_352' title='bbox 1380 4694 1468 4751; x_wconf 88' lang='lat' dir='ltr'>terra</span> <span class='ocrx_word' id='word_1_353' title='bbox 1491 4689 1679 4748; x_wconf 87' lang='lat' dir='ltr'>Phaeacum</span> <span class='ocrx_word' id='word_1_354' title='bbox 1702 4705 1716 4744; x_wconf 86' lang='grc' dir='ltr'><strong><em>ε</em></strong></span> <span class='ocrx_word' id='word_1_355' title='bbox 1740 4684 1804 4744; x_wconf 91' lang='grc'>281</span> 
     </span>
     <span class='ocr_line' id='line_1_41' title="bbox 524 4787 1808 4879; baseline -0.009 -22"><span class='ocrx_word' id='word_1_356' title='bbox 524 4797 620 4857; x_wconf 70' lang='lat' dir='ltr'>cibuto</span> <span class='ocrx_word' id='word_1_357' title='bbox 651 4793 691 4867; x_wconf 85' lang='grc' dir='ltr'>ὡς</span> <span class='ocrx_word' id='word_1_358' title='bbox 723 4794 768 4856; x_wconf 83' lang='grc' dir='ltr'>ὅτε</span> <span class='ocrx_word' id='word_1_359' title='bbox 798 4793 911 4874; x_wconf 80' lang='grc' dir='ltr'><strong>ῥινὸν</strong></span> <span class='ocrx_word' id='word_1_360' title='bbox 942 4793 974 4854; x_wconf 79' lang='grc' dir='ltr'>ἐν</span> <span class='ocrx_word' id='word_1_361' title='bbox 1004 4793 1114 4879; x_wconf 74' lang='grc' dir='ltr'><strong><em>πόντῳ,</em></strong></span> <span class='ocrx_word' id='word_1_362' title='bbox 1143 4791 1199 4855; x_wconf 90' lang='lat' dir='ltr'>ubi</span> <span class='ocrx_word' id='word_1_363' title='bbox 1228 4794 1431 4869; x_wconf 83' lang='lat' dir='ltr'>ingeniosius</span> <span class='ocrx_word' id='word_1_364' title='bbox 1454 4807 1551 4867; x_wconf 90' lang='lat' dir='ltr'>quam</span> <span class='ocrx_word' id='word_1_365' title='bbox 1577 4791 1687 4851; x_wconf 89' lang='lat' dir='ltr'>verius</span> <span class='ocrx_word' id='word_1_366' title='bbox 1710 4787 1808 4848; x_wconf 85' lang='lat' dir='ltr'>Faesi</span> 
     </span>
     <span class='ocr_line' id='line_1_42' title="bbox 525 4894 975 4975; baseline -0.016 -14"><span class='ocrx_word' id='word_1_367' title='bbox 525 4899 665 4961; x_wconf 79' lang='lat' dir='ltr'>coniecit</span> <span class='ocrx_word' id='word_1_368' title='bbox 687 4894 727 4969; x_wconf 85' lang='grc' dir='ltr'>ὡς</span> <span class='ocrx_word' id='word_1_369' title='bbox 751 4896 797 4956; x_wconf 83' lang='grc' dir='ltr'>ὅτε</span> <span class='ocrx_word' id='word_1_370' title='bbox 821 4918 855 4955; x_wconf 86' lang='grc' dir='ltr'>τε</span> <span class='ocrx_word' id='word_1_371' title='bbox 879 4895 975 4975; x_wconf 75' lang='grc' dir='ltr'><strong><em>ῥίον.</em></strong></span> 
     </span>
    </p>

    <p class='ocr_par' dir='ltr' id='par_1_21' title="bbox 481 4989 1810 5282">
     <span class='ocr_line' id='line_1_43' title="bbox 481 4989 1808 5084; baseline -0.012 -19"><span class='ocrx_word' id='word_1_372' title='bbox 481 5001 575 5084; x_wconf 85' lang='grc' dir='ltr'><strong><em>ὁμιος</em></strong></span> <span class='ocrx_word' id='word_1_373' title='bbox 609 5005 641 5063; x_wconf 89' lang='lat' dir='ltr'>et</span> <span class='ocrx_word' id='word_1_374' title='bbox 675 4997 737 5062; x_wconf 78' lang='grc' dir='ltr'>καὶ</span> <span class='ocrx_word' id='word_1_375' title='bbox 771 4989 818 5073; x_wconf 84' lang='grc' dir='ltr'>ὦς</span> <span class='ocrx_word' id='word_1_376' title='bbox 860 5014 925 5060; x_wconf 88' lang='lat' dir='ltr'>una</span> <span class='ocrx_word' id='word_1_377' title='bbox 965 5001 1132 5061; x_wconf 90' lang='lat' dir='ltr'>sententia</span> <span class='ocrx_word' id='word_1_378' title='bbox 1165 5000 1350 5060; x_wconf 89' lang='lat' dir='ltr'>coniuncta.</span> <span class='ocrx_word' id='word_1_379' title='bbox 1385 4996 1541 5057; x_wconf 91' lang='lat' dir='ltr'>Libanius</span> <span class='ocrx_word' id='word_1_380' title='bbox 1571 5010 1616 5055; x_wconf 92' lang='lat' dir='ltr'>or.</span> <span class='ocrx_word' id='word_1_381' title='bbox 1648 4994 1663 5052; x_wconf 92' lang='grc'><strong>1</strong></span> <span class='ocrx_word' id='word_1_382' title='bbox 1692 4996 1710 5063; x_wconf 70' lang='lat'>5</span> <span class='ocrx_word' id='word_1_383' title='bbox 1745 4991 1808 5050; x_wconf 83' lang='lat'>192</span> 
     </span>
     <span class='ocr_line' id='line_1_44' title="bbox 527 5086 1810 5180; baseline -0.011 -17"><span class='ocrx_word' id='word_1_384' title='bbox 527 5106 662 5174; x_wconf 79' lang='lat' dir='ltr'>(Foerst.</span> <span class='ocrx_word' id='word_1_385' title='bbox 695 5105 709 5162; x_wconf 95' lang='grc' dir='ltr'>Ι</span> <span class='ocrx_word' id='word_1_386' title='bbox 740 5120 771 5180; x_wconf 88' lang='lat' dir='ltr'>p.</span> <span class='ocrx_word' id='word_1_387' title='bbox 806 5103 879 5172; x_wconf 82' lang='lat'>170)</span> <span class='ocrx_word' id='word_1_388' title='bbox 910 5094 969 5161; x_wconf 77' lang='grc' dir='ltr'><strong><em>ἀλλ’</em></strong></span> <span class='ocrx_word' id='word_1_389' title='bbox 1005 5100 1085 5178; x_wconf 80' lang='grc' dir='ltr'><strong><em>ὅμως</em></strong></span> <span class='ocrx_word' id='word_1_390' title='bbox 1116 5101 1148 5161; x_wconf 80' lang='grc' dir='ltr'><strong><em>οἱ</em></strong></span> <span class='ocrx_word' id='word_1_391' title='bbox 1175 5099 1387 5172; x_wconf 83' lang='grc' dir='ltr'><strong><em>κολακεύοντες</em></strong></span> <span class='ocrx_word' id='word_1_392' title='bbox 1419 5094 1469 5158; x_wconf 84' lang='grc' dir='ltr'><strong><em>κοιλ</em></strong></span> <span class='ocrx_word' id='word_1_393' title='bbox 1500 5087 1539 5170; x_wconf 85' lang='grc' dir='ltr'>ὧς</span> <span class='ocrx_word' id='word_1_394' title='bbox 1571 5086 1648 5172; x_wconf 70' lang='grc' dir='ltr'><strong>ἦσαν</strong></span> <span class='ocrx_word' id='word_1_395' title='bbox 1675 5093 1810 5166; x_wconf 77' lang='grc' dir='ltr'><strong><em>κόλακες.</em></strong></span> 
     </span>
     <span class='ocr_line' id='line_1_45' title="bbox 529 5203 1146 5282; baseline -0.003 -15"><span class='ocrx_word' id='word_1_396' title='bbox 529 5208 615 5268; x_wconf 85' lang='grc' dir='ltr'><strong>Νιιιιι</strong></span> <span class='ocrx_word' id='word_1_397' title='bbox 640 5206 725 5267; x_wconf 83' lang='lat' dir='ltr'>forte</span> <span class='ocrx_word' id='word_1_398' title='bbox 750 5203 829 5282; x_wconf 81' lang='grc' dir='ltr'><strong><em>ὅμως</em></strong></span> <span class='ocrx_word' id='word_1_399' title='bbox 853 5209 905 5268; x_wconf 91' lang='lat' dir='ltr'>est</span> <span class='ocrx_word' id='word_1_400' title='bbox 927 5204 1146 5280; x_wconf 83' lang='lat' dir='ltr'>glossatoris?</span> 
     </span>
    </p>
   </div>
   <div class='ocr_carea' id='block_1_5' title="bbox 0 0 2143 6084">
    <p class='ocr_par' dir='ltr' id='par_1_22' title="bbox 0 0 2143 6084">
     <span class='ocr_line' id='line_1_46' title="bbox 0 0 2143 6084; baseline 0 0"><span class='ocrx_word' id='word_1_401' title='bbox 0 0 2143 6084; x_wconf 95' lang='lat' dir='ltr'> </span> 
     </span>
    </p>
   </div>
  </div>
 </body>
</html>
