4234 6084
1058 671 1116 729 151

351 857 400 899 we
429 849 478 908 Ad
513 847 638 926 ξηρός.
673 851 879 927 Antiphanes
911 870 994 915 com.
1027 857 1066 916 fr.
1101 857 1182 917 16Κ
1214 857 1245 917 h.
1272 873 1301 916 v.
1327 871 1504 930 usurpasse
1534 858 1662 918 videtur
1693 875 1749 933 pro

473 948 640 1027 αὐχμηρός,
662 951 717 1012 οὐκ
741 950 948 1030 ἀληλιμμένος.

428 1046 618 1135 &paup-(lot.
643 1055 763 1116 Theod.
788 1057 965 1119 Balsamon
989 1061 1129 1119 XXXVI
1147 1062 1166 1120 8
1184 1061 1320 1133 (Herna,
1336 1060 1441 1119 Wien.
1463 1060 1555 1120 Stud.
1576 1060 1677 1135 XXV,
1698 1062 1749 1130 ΙΙ).

429 1150 656 1237 ξουθόπτερος
676 1153 797 1232 μέλισσα
818 1159 902 1228 (Eur.
924 1161 1019 1221 Here.
1041 1163 1128 1231 487).
1146 1162 1217 1222 Vid.
1239 1162 1324 1221 inira
1342 1178 1369 1221 s.
1383 1177 1414 1221 v.
1436 1160 1749 1238 σιμοπρόσωπος.

430 1251 601 1337 ξολαμᾱν.
625 1258 760 1319 Praeter
782 1260 981 1322 Addenda
1005 1279 1031 1322 s.
1057 1279 1088 1322 v.
1114 1263 1154 1323 el.
1179 1262 1231 1323 Po
1257 1264 1304 1322 ΙΙΙ
1327 1264 1403 1339 499,
1431 1265 1471 1324 15
1496 1265 1662 1341 ξυλαμῆσρι
1686 1264 1751 1342 χόρ-

473 1383 523 1418 τον
543 1359 584 1430 εὶς
604 1358 702 1436 nendo
722 1358 772 1419 καὶ
792 1358 939 1439 ἐπινομήν
951 1367 985 1423 ei
1004 1365 1080 1440 501,
1098 1367 1137 1425 14
1158 1364 1231 1424 ὥστε
1255 1368 1415 1441 σπεῖραι
1440 1361 1503 1422 καὶ
1528 1365 1751 1442 ξυλαμῆσαι

472 1455 532 1519 κατ’
558 1459 621 1532 ἔτος
644 1460 676 1520 τὸ
700 1458 755 1538 μὲν
778 1461 869 1539 ἥμισυ
892 1474 977 1547 πυρῷ
1002 1463 1033 1524 τὸ
1058 1460 1084 1523 d‘
1112 1463 1183 1524 dito
1207 1464 1298 1542 ἥμισυ
1322 1469 1444 1542 χλωροῖς
1468 1462 1523 1524 uvi.
1549 1466 1630 1541 Quid
1654 1467 1751 1527 inter·

473 1564 568 1623 cedat
591 1564 769 1624 discrimen
793 1564 881 1625 inter
903 1566 1034 1644 σπείρειν
1059 1570 1093 1627 et
1112 1567 1247 1643 ξυλαμᾶν
1268 1565 1399 1627 difficile
1419 1567 1508 1627 dictu
1528 1570 1590 1628 est.
1611 1566 1755 1645 Ξυλαμᾶν

473 1666 501 1724 si
532 1664 686 1726 cohaeret
716 1681 791 1726 cum
823 1667 928 1744 ξύλον,
958 1670 1087 1743 proprie
1117 1669 1157 1729 de
1185 1670 1333 1730 serendis
1357 1669 1527 1729 arboribus
1551 1673 1585 1730 et
1607 1670 1752 1731 arbustis

473 1766 596 1827 dictum
622 1767 761 1842 videtur,
785 1769 842 1828 sed
867 1771 993 1830 sensim
1017 1770 1205 1844 generalem
1229 1771 1398 1831 notionem
1424 1770 1580 1831 induisse.
1747 1813 1750 1818 -

337 1880 403 1924 aer.
433 1862 556 1951 ξολικὴ
581 1873 654 1947 (γῇ),
680 1870 906 1931 arboribus
929 1873 1109 1932 consita.
1134 1871 1227 1932 Tebt.
1252 1887 1325 1947 pap.
1352 1872 1382 1946 8,
1408 1872 1449 1930 26
1473 1873 1549 1941 (201
1575 1888 1603 1933 a.
1625 1872 1681 1943 0.).
1702 1880 1753 1949 τῆς

473 1972 594 2047 ξυλικῆς
617 2005 659 2011 -
684 1969 787 2048 φόρος.
811 1971 858 2033 Of.
884 1976 913 2049 5,
936 1974 999 2034 205
1025 1978 1065 2044 (a.
1091 1973 1123 2034 G.
1152 1975 1225 2043 118)
1250 1973 1319 2045 τοὺς
1342 1972 1510 2049 κεκυφότας
1522 1975 1559 2044 (i)
1583 1982 1641 2033 τῶν
1666 1972 1751 2033 ἰδίων

474 2073 546 2145 ξύλα
570 2070 651 2150 παρὰ
674 2070 709 2131 τὰ
733 2070 887 2150 ἐκκείμενα
911 2074 1130 2153 προστάγματα.

431 2176 480 2236 Ad
503 2176 661 2247 ξυλῖτις.
685 2175 771 2235 Item
798 2176 849 2235 ΡΒ
875 2179 949 2253 703,
975 2180 1005 2237 ὅ.
1032 2182 1062 2239 9.

432 2272 688 2358 dulcedinum,
712 2274 746 2338 cd
761 2278 937 2350 :idltvov
962 2280 1106 2339 ναΐσκων.
1130 2280 1181 2340 ΡΟ
1207 2280 1254 2339 ΙΙΙ
1279 2280 1353 2355 eal,
1380 2281 1443 2339 659
1469 2284 1564 2349 (saec.
1590 2280 1621 2339 Il
1645 2295 1675 2353 p.
1696 2278 1752 2348 0.).

477 2379 556 2439 Vide
579 2379 772 2438 ναΐσκιον.

433 2475 596 2563 ξολορρία
627 2485 661 2541 et
691 2475 858 2564 ξολοργός
889 2483 1052 2555 antiquior
1082 2485 1170 2553 (ante
1200 2497 1228 2543 a.
1255 2482 1320 2542 360
1344 2497 1373 2541 a.
1398 2480 1443 2551 d.)
1475 2482 1640 2543 scribendi
1672 2482 1755 2541 ratio

476 2583 593 2657 attica,
619 2585 655 2642 ut
679 2580 866 2663 ὑποργός,
890 2599 947 2660 pro
971 2584 1108 2662 -ουρρία,
1131 2582 1261 2661 -ουρρός,
1287 2582 1333 2643 Oi.
1358 2579 1545 2644 Meisterh.³
1569 2585 1610 2644 26
1633 2599 1682 2656 sq.

433 2678 690 2765 ξυμπαραινεῖν.
713 2686 762 2745 Ex
786 2701 861 2746 mea
884 2687 1086 2746 correctione
1109 2686 1165 2745 Ar.
1189 2685 1323 2745 Thesm.
1344 2686 1409 2744 453
1430 2700 1460 2745 v.
1474 2685 1637 2747 Leeuwen
1654 2699 1758 2760 nuper

477 2785 578 2845 edidit
601 2794 658 2844 νῦν
682 2777 738 2846 οὖν
762 2783 891 2858 ἁπάσαις
918 2787 1179 2864 <ξυμ>παραινῶ
1203 2783 1252 2844 uui
1277 2783 1359 2864 λέγω.

434 2882 624 2969 &opacitate
655 2888 734 2950 Coll.
766 2889 915 2950 Platonis
949 2890 1033 2949 Tim.
1066 2890 1107 2949 61
1127 2889 1165 2963 Β,
1198 2889 1341 2962 Biaydes
1370 2888 1585 2963 Aristophani
1615 2888 1755 2962 Lysistr.

477 2992 539 3050 bil
573 3006 632 3066 pro
665 2993 760 3053 verbo
791 2992 932 3068 simplici
965 2992 1027 3052 hoc
1057 2990 1212 3066 reddidit,
1238 2991 1358 3051 merito
1382 2990 1540 3065 probante
1563 2988 1759 3049 Leeuwenio

478 3094 511 3152 in
535 3093 681 3153 editione
704 3109 776 3154 sua.

435 3190 605 3270 ξυνουσία.
631 3196 702 3256 Vid.
724 3196 933 3280 Δσυνουσία.

337 3312 408 3358 τω.
437 3293 668 3380 Ξοπαλὴττιος
708 3299 784 3359 inde
822 3314 842 3358 a
879 3299 985 3373 primo
1023 3315 1053 3372 p.
1092 3297 1125 3358 C.
1165 3296 1296 3358 saeculo
1335 3297 1450 3357 cedere
1489 3296 1595 3371 coepit
1632 3294 1758 3354 formae

481 3396 719 3483 Ξοβαλὴττιος.
744 3393 926 3460 Meisterh.³
949 3400 1002 3460 77.

436 3498 547 3583 ξυρεῖν
571 3502 710 3577 figurate
734 3502 773 3561 de
796 3500 970 3561 molestiis,
994 3501 1153 3561 Libanius
1177 3500 1230 3560 Or.
1255 3501 1310 3569 15
1337 3500 1396 3559 177
1426 3499 1564 3568 (doerst.
1589 3497 1603 3554 Ι
1627 3512 1657 3571 p.
1683 3495 1759 3563 201)

479 3602 528 3664 καὶ
569 3602 647 3663 πολὺ
681 3600 713 3662 τὸ
747 3602 859 3679 ξυροῦν
893 3596 961 3660 καθ’
995 3596 1111 3679 ἡμέραν
1150 3597 1272 3679 ἐπέρρει.
1308 3599 1355 3660 cf.
1391 3598 1604 3675 proverbialis
1638 3597 1758 3658 locutio

481 3709 564 3785 ξυρεῖ
580 3703 612 3766 ἐν
635 3715 702 3784 χρῷ.

438 3806 787 3894 ξορητὴςεκουρεύς.
812 3806 863 3865 ΡΒ
888 3806 963 3880 630,
992 3805 1032 3864 10
1056 3806 1168 3875 Πανῶς
1192 3800 1329 3881 ξυρητής.

439 3914 488 3973 Ad
520 3910 750 3990 ξυστάρχης.
776 3907 822 3968 cf.
854 3904 1165 3984 νεανισκάρχης,
1198 3901 1578 3982 συστρεμματάρχης
1601 3906 1663 3963 etc·
1688 3901 1759 3962 Gor·

482 4016 550 4089 rige
573 4028 699 4087 saepe
722 4026 780 4086 pro
804 4025 942 4085 saape.

337 4142 348 4183 :-
364 4127 414 4171 we
442 4113 580 4201 ξοστὴρ.
603 4114 867 4176 Instrumentum
892 4112 1124 4186 chirurgicum.
1150 4109 1225 4170 Ood.
1246 4110 1343 4169 Laur.
1361 4109 1414 4183 74,
1434 4108 1463 4167 2.
1483 4106 1597 4167 Herm.
1618 4106 1671 4182 38,
1686 4106 1761 4166 284.

483 4218 529 4280 Cf.
555 4214 863 4291 ὀδοντοξυστήρ.

439 4322 488 4382 Ad
519 4317 712 4397 ξυστρεία.
744 4316 877 4391 corrigo
907 4318 971 4377 347
1004 4332 1063 4391 pro
1097 4316 1171 4375 247.
1196 4315 1288 4374 llerx
1312 4313 1423 4373 nescio
1446 4326 1529 4385 quae
1553 4311 1584 4370 h.
1609 4325 1640 4371 v.
1664 4309 1759 4385 signi·

484 4421 608 4498 fleatur,
632 4421 774 4481 fortasse
797 4419 922 4496 ξύστρα,
944 4418 1030 4477 FHG
1054 4419 1129 4477 347.
1155 4417 1227 4476 Vid.
1250 4432 1278 4477 e.
1300 4432 1330 4476 v.
1355 4412 1569 4493 ἕθρυοκελ(
1602 4416 1621 4482 ).

1085 4642 1125 4708 (l.

443 4830 468 4887 0
490 4844 547 4903 pro
571 4824 613 4889 ὦ.
640 4826 710 4886 Vid.
735 4839 835 4900 supra
857 4839 884 4883 s.
910 4838 940 4881 v.
964 4819 1162 4891 Ξαλίδιος.

441 4931 488 4991 Ad
519 4927 537 4992 d
570 4927 811 4990 articulum.
843 4925 944 4984 Dores
975 4921 1044 4998 alii,
1077 4924 1114 4981 ut
1146 4920 1314 4996 Spartani,
1347 4919 1380 4978 in
1411 4916 1531 4993 plurali
1561 4916 1684 4975 habent
1706 4913 1763 4988 τοί,

484 5033 554 5106 alii,
581 5034 617 5090 ut
641 5029 828 5104 Cretenses,
853 5025 890 5085 οἱ.

441 5130 459 5194 ὁ
489 5127 590 5206 αὐτὸς
620 5132 653 5191 in
685 5130 794 5190 titulis
824 5128 936 5189 atticis
966 5141 1099 5201 semper
1129 5125 1201 5185 sine
1225 5123 1311 5184 crasi
1335 5119 1491 5181 scribitur
1514 5117 1611 5177 iuxta
1632 5113 1763 5185 rateto)

486 5238 520 5296 et
542 5233 575 5297 τὸ
599 5231 726 5316 odedire).
750 5224 932 5298 Meisterh.³
958 5232 1031 5292 155.
