4234 6084
1068 684 1130 745 168

429 868 695 952 παρακομίζειν,
726 873 958 949 adiungere
987 876 1150 950 (petItioni
1178 876 1416 936 documentum
1441 875 1592 951 aliquod).
1617 879 1669 938 PB
1694 880 1759 942 578

474 977 595 1036 61614
631 967 667 1034 οὗ
703 976 951 1054 παρεκόμισα
986 974 1046 1037 ἀπὸ
1079 978 1220 1056 διαλογῆς
1251 976 1470 1053 δρμοσιώσεως.
1501 978 1623 1041 Eodem
1655 997 1756 1043 sensu

474 1077 525 1138 ΡΟ
557 1078 605 1136 ΙΙΙ
636 1078 713 1155 485,
747 1080 766 1138 3
791 1070 827 1138 οὗ
852 1076 1018 1158 ἕπόρισα
1042 1076 1125 1158 παρὰ
1148 1086 1201 1139 τοῦ
1224 1078 1406 1158 καταλογίου
1429 1086 1655 1158 χρηματισμοῦ)
1681 1081 1759 1144 ἔστιν

475 1176 694 1256 ἀντίγραφον).

428 1276 648 1361 παράκοπος,
684 1282 886 1343 furiosus.
919 1283 1000 1343 Add.
1032 1281 1176 1343 Tlmotb.
1210 1283 1299 1342 Pers.
1333 1284 1375 1343 70
1408 1282 1587 1361 παρααόπωι
1617 1305 1647 1343 νε
1674 1285 1758 1364 δόξνμ

475 1404 604 1461 φρενοον.

323 1496 400 1551 μα.
429 1481 773 1566 παραμαίνεσθαιε
787 1483 957 1561 μαίνεσθαι.
993 1485 1089 1546 Solus
1124 1486 1291 1560 Amipsias
1321 1485 1361 1545 11.
1393 1487 1433 1546 10
1465 1487 1504 1547 Κ.
1537 1488 1694 1548 Διοπείθει
1718 1500 1756 1571 τῷ

473 1583 820 1669 παραμαινομένῳ.
852 1588 886 1646 Si
916 1602 1036 1647 sanum
1067 1602 1128 1647 nec
1157 1587 1334 1662 legendum
1361 1586 1463 1647 πάνυ
1487 1587 1669 1675 μαινομένῳ,
1691 1607 1755 1653 non

473 1688 715 1763 provocandum
745 1690 796 1748 est
818 1703 895 1749 cum
919 1688 1043 1750 Koclrio
1063 1690 1104 1749 ad
1125 1688 1217 1749 verbi
1239 1688 1423 1766 παραπαίειν
1447 1692 1647 1769 analogiam,
1673 1709 1756 1767 quae

472 1789 564 1849 nulla
586 1792 652 1865 est,
678 1789 736 1849 sed
761 1790 801 1849 ad
825 1793 1017 1867 buccinatio.

426 1886 712 1972 παραναλίσκειν.
744 1891 826 1953 Add.
859 1891 973 1953 Liban.
1006 1892 1059 1953 Or.
1092 1893 1106 1951 I
1137 1895 1155 1964 ξ
1179 1894 1221 1953 63
1247 1890 1274 1951 εἰ
1295 1890 1361 1970 περὶ
1384 1897 1513 1973 γυναῖκα
1537 1892 1594 1974 ἐγὼ
1617 1897 1752 1975 παρηπά-

472 1998 574 2053 λισκον
598 1992 649 2053 τὸν
673 1993 808 2053 θάνατον
831 1991 965 2071 ὑπερβὰς
989 1994 1040 2053 τὸν
1064 1993 1218 2070 σοφιστήν.
1243 1994 1315 2055 vid.
1338 1994 1458 2055 lexica.

429 2097 476 2155 Ad
501 2095 634 2172 πάραξ.
657 2098 695 2155 In
716 2095 841 2171 Epilyci
861 2096 1035 2157 comiciis.
1058 2098 1077 2155 3
1098 2096 1190 2156 Kock
1210 2112 1286 2157 cum
1305 2096 1468 2157 Abrensio
1480 2096 1609 2175 βαράνες
1622 2099 1757 2176 scripsit

472 2198 581 2258 dorico
604 2200 753 2258 accentu.
779 2230 819 2240 -
844 2199 881 2257 In
906 2198 1063 2272 Hesychii
1087 2198 1158 2258 loco
1186 2198 1335 2269 eccultur
1358 2197 1479 2259 Ἀττικοὶ
1502 2196 1535 2259 δὲ
1554 2201 1732 2280 βήρηαες.

427 2294 699 2379 παραπὲλεσθαι
711 2322 753 2347 =
766 2304 905 2377 abacelam
939 2299 1016 2359 Hes,
1037 2296 1392 2375 παραπλομὲνοισι·
1412 2310 1570 2380 παροῦσιν.
1590 2303 1639 2363 Gl.
1652 2304 1753 2377 epica.

428 2398 669 2482 παραπέμπειν
690 2401 771 2473 (τοὺς
790 2401 913 2480 κυρίους
933 2401 1155 2479 αὐτοκράτορας
1174 2398 1235 2471 καὶ)
1257 2399 1292 2459 τὰ
1309 2400 1374 2478 ἱερὰ
1387 2404 1589 2479 στρατεύματα
1600 2404 1757 2480 πολλάκις,

472 2504 632 2565 formulae
663 2506 842 2579 usurpatae
873 2504 912 2563 de
942 2505 984 2563 ils
1014 2504 1070 2578 qui
1093 2503 1228 2563 honoris
1252 2517 1352 2563 causa
1375 2504 1608 2578 (Imperatores
1631 2521 1757 2567 corum·

472 2611 544 2680 que)
569 2607 753 2667 exercitum
777 2607 811 2666 in
834 2606 1013 2682 provinciis
1037 2603 1291 2665 comitabantur.
1317 2604 1388 2665 Vid.
1413 2605 1497 2666 BCH
1524 2608 1623 2684 1901,
1646 2609 1686 2668 71
1707 2623 1756 2681 sq.

472 2711 506 2769 et
528 2709 568 2769 ci.
593 2709 645 2769 tit.
670 2709 745 2783 209,
772 2708 791 2768 8
815 2723 886 2782 sqq.
911 2707 1033 2767 ibidem
1057 2722 1087 2781 p.
1113 2707 1166 2766 77.

427 2805 686 2891 παραπλῴζειν·
717 2807 750 2869 τὸ
780 2806 862 2886 παρὰ
893 2806 947 2885 τὴν
978 2804 1051 2867 ὁδὸν
1083 2806 1223 2866 ἵστασθαι
1250 2803 1269 2884 ἢ
1293 2804 1378 2866 ι’ἔναι.
1403 2808 1443 2869 Η.
1468 2807 1515 2869 01.
1539 2812 1633 2881 πλοῦς
1655 2809 1754 2870 inter·

473 2914 552 2973 dum
576 2929 634 2987 pro
658 2908 728 2981 ὁδός
751 2911 936 2971 adhibitum
960 2924 980 2970 a
1003 2909 1219 2983 sequioribus.
1244 2908 1316 2969 Vid.
1342 2908 1459 2981 πλόος
1484 2910 1517 2970 in
1540 2910 1657 2971 lexIco.

428 3009 694 3097 παραπαλὲγειν,
725 3028 936 3075 recusare.
969 3011 1022 3072 PG
1053 3013 1106 3087 31,
1142 3012 1182 3070 14
1214 3007 1400 3089 παραπὲλεγέ
1422 3032 1452 3070 τε
1475 3006 1491 3070 ὅ
1516 3010 1680 3090 Διόσκορος
1704 3009 1754 3070 διὰ

472 3124 668 3194 στρατηγικοῦ
699 3113 927 3194 μαχαιροφόρον
959 3111 1042 3191 ἥκειν
1074 3109 1121 3171 ἐπὶ
1151 3110 1206 3188 τὴν
1237 3109 1332 3172 αὑτοῦ
1356 3112 1519 3192 διάγνωσιν
1543 3119 1584 3188 (p.
1609 3113 1643 3175 0.
1671 3115 1755 3183 145).

475 3216 521 3277 cf.
545 3213 702 3295 ἀπολέγειν
725 3218 758 3277 in
781 3216 910 3277 lexicis.

323 3333 403 3389 πονο.
429 3319 479 3379 Ad
511 3318 773 3397 παράπρασις.
805 3319 887 3379 Add.
912 3317 1026 3378 Cariae
1050 3317 1101 3377 tit.
1125 3315 1208 3376 BGH
1233 3316 1280 3375 XI
1304 3332 1334 3391 p.
1359 3317 1424 3378 306
1449 3332 1497 3391 sq.
1523 3313 1571 3378 n⁰.
1600 3320 1631 3393 1,
1660 3318 1700 3377 10
1724 3320 1757 3377 et

474 3422 573 3482 inscr.
597 3421 860 3506 ineIItaargiva
882 3434 968 3479 saec.
992 3418 1024 3477 II
1047 3434 1078 3493 p.
1100 3416 1144 3492 0.,
1166 3432 1266 3490 quam
1287 3416 1387 3478 debeo
1408 3418 1570 3479 Guilelmo
1589 3418 1757 3493 Vollgraff.

429 3524 479 3585 Ad
502 3521 821 3600 παραπράσσειν.
845 3519 891 3581 01.
918 3520 969 3579 PB
994 3520 1070 3593 831,
1099 3519 1238 3587 121201
1265 3534 1295 3593 p.
1322 3517 1378 3587 0.).

427 3620 934 3707 παραπροσὲχειν-επροτέχειν.
966 3621 1019 3681 PG
1052 3622 1102 3697 75,
1138 3622 1179 3680 10
1210 3625 1307 3690 (saec.
1338 3621 1387 3679 III
1416 3624 1474 3681 aut
1497 3621 1552 3690 IV)
1575 3623 1672 3691 καλῶς
1698 3611 1755 3680 οὖν

473 3726 592 3803 ποιήσας
620 3722 691 3807 (sic.)
722 3728 965 3804 παραπροσσχεῖν
995 3725 1065 3794 (sie)
1097 3720 1209 3793 αὐτοῖς.
1234 3721 1281 3782 01.
1306 3722 1383 3782 Hes,
1407 3730 1754 3800 παραπρονοῆσαι·

474 3827 706 3906 ἐνθυμηθῆναι,
727 3836 845 3905 νοῆσαι.
869 3827 1006 3902 Saepius
1030 3825 1064 3883 in
1088 3823 1326 3899 compositione
1350 3823 1435 3899 apud
1458 3824 1628 3898 aequiores
1648 3823 1757 3883 omnis

475 3932 572 3991 huius
595 3929 849 4005 praepositionis
871 3930 922 3989 vis
946 3926 1092 3988 evanuit
1118 3925 1165 3987 ci.
1190 3925 1277 3985 inira
1298 3922 1380 4003 πρό.

430 4033 561 4108 corrige
584 4030 719 4110 παρᾱρος
743 4047 801 4107 pre
826 4038 960 4109 παρᾶρος
984 4031 1018 4090 ο1
1041 4028 1102 4088 XV
1126 4042 1183 4103 pro
1206 4027 1245 4087 V.

323 4148 403 4205 ποατ.
429 4126 683 4215 παρασιολεός,
714 4134 976 4193 instrumentum
1008 4130 1241 4203 chirurgicum.
1274 4127 1350 4189 cod.
1383 4129 1478 4190 Laur.
1510 4129 1563 4189 74.
1589 4128 1620 4188 2.
1644 4128 1758 4188 Herm.

478 4238 530 4296 38.
555 4237 632 4296 283.

431 4340 749 4419 παρασογγραφεῖν,
781 4336 965 4411 migrare
997 4336 1278 4395 contractum.
1302 4333 1394 4394 Tebt.
1419 4349 1492 4408 pap.
1520 4334 1592 4409 105,
1618 4333 1671 4392 31.
1696 4333 1756 4403 43;

481 4440 552 4513 106,
595 4439 636 4499 29
647 4456 654 4512 ;
698 4438 750 4499 ΡΟ
789 4438 837 4497 III
872 4438 946 4511 504,
993 4437 1043 4497 19.
1085 4438 1137 4496 29.
1173 4435 1319 4496 Verbum
1354 4434 1420 4494 iam
1456 4426 1631 4509 usurpavit
1664 4432 1757 4494 Dsm.

477 4539 613 4600 XLVIII
637 4540 689 4600 38.
715 4541 767 4616 34,
793 4539 879 4599 unde
903 4538 1003 4598 habet
1024 4537 1144 4598 Pollux
1167 4536 1228 4596 VII
1254 4538 1327 4596 140.

433 4635 655 4723 παρασύρειν.
687 4641 769 4702 Add.
801 4639 944 4700 Timotb.
976 4640 1066 4700 Pers.
1099 4640 1130 4714 7,
1158 4638 1214 4697 ubi
1237 4640 1353 4698 contra
1375 4652 1473 4697 usum
1497 4637 1636 4695 atticum
1660 4634 1758 4695 breve

478 4746 531 4803 esi
557 4757 594 4802 0.·
616 4747 715 4820 χεῖρας
737 4739 908 4820 παρέσῠρον
932 4738 1076 4811 ἐλατίνας.
1100 4739 1147 4801 ci.
1172 4740 1316 4801 1011100111
1340 4736 1430 4797 θύειν
1443 4762 1484 4787 --
1498 4737 1639 4798 attIcum
1660 4727 1760 4808 θῧειν,

323 4879 345 4923 3.
358 4863 408 4911 em
433 4840 788 4926 παρασφραγίζεσθαι
812 4838 1182 4925 ε1παρασφραγισμός
1205 4857 1303 4917 saepe
1327 4840 1442 4916 papyri
1458 4855 1535 4925 aeg.

434 4941 650 5027 παράσχαιεν
681 4943 1146 5022 hellenIstice:nuptopotea
1177 4944 1304 5004 Recens
1333 4943 1385 5003 tit.
1411 4945 1489 5003 cret.
1514 4940 1568 4999 01)
1593 4939 1690 5012 6010,
1716 4938 1755 4995 31

478 5048 573 5122 (lapis
596 5044 792 5123 παρίσχαιεν).
818 5045 866 5107 01.
891 5044 1072 5123 ἔσχαμεν.

433 5150 882 5229 παρασχῑναιεπαρασχεῑν.
908 5146 1057 5222 Epistula
1081 5147 1146 5205 aet.
1170 5143 1369 5218 byzantinae
1393 5140 1447 5201 Pu
1471 5140 1523 5213 62,
1552 5140 1601 5198 10.

434 5243 896 5332 παραπὲλλεινι-παραινεῖν,
920 5248 992 5308 vid.
1018 5247 1105 5307 inira
1127 5240 1398 5323 παρτέλλεται.
