4234 6084
1099 653 1160 711 172

509 840 597 899 idem
633 838 800 898 aeolica
833 836 984 915 ιεθνάκην
1020 839 1150 915 Sappho
1186 841 1215 917 2,
1256 841 1295 900 15
1331 842 1365 900 et
1394 839 1511 911 Inscr.;
1559 839 1631 914 173,
1667 839 1707 899 18
1738 855 1786 914 sq.

510 939 709 1018 ιεθεωρήιιην.
740 938 786 999 cl.
819 941 859 1000 de
890 940 1015 1001 Cnidiis
1047 944 1090 1011 (et
1122 941 1307 1011 Theocrito)
1338 941 1458 1000 εἶεὲ
1483 943 1517 1001 et
1546 956 1573 1001 s.
1598 956 1629 1000 v.
1662 940 1789 1017 φύειν.

512 1043 613 1111 (Haec
647 1043 741 1118 neta,
781 1042 820 1102 ad
856 1058 955 1116 quarn
994 1044 1152 1105 lectorem
1187 1032 1333 1119 relegavi
1368 1044 1400 1103 in
1436 1044 1542 1104 lexico
1573 1059 1599 1104 ε.
1624 1059 1655 1104 v.
1688 1042 1792 1119 φύειν,

512 1146 623 1205 nescio
652 1160 715 1217 qne
739 1159 847 1206 errore
871 1145 1060 1213 exciderat).

321 1260 440 1316 ragom
466 1243 723 1329 praeceperim,
759 1246 830 1306 sive
861 1245 1104 1331 πειιεσιήριον.
1136 1249 1243 1309 Huius
1275 1249 1503 1325 instrumenti,
1540 1248 1791 1309 commemorati

512 1351 551 1411 ab
583 1351 755 1411 Ensiathio
786 1352 826 1411 ad
857 1351 915 1412 Od.
941 1369 969 1427 p.
999 1354 1094 1426 1397,
1119 1353 1372 1428 descriptionem
1398 1351 1545 1412 continet
1567 1349 1792 1424 fragmentum

512 1456 676 1514 tractatus
699 1453 930 1514 mathematici
949 1470 1035 1514 saec.
1060 1456 1107 1514 Ill
1131 1471 1160 1529 p.
1186 1454 1218 1515 C.
1243 1455 1295 1516 ΡΟ
1319 1455 1367 1514 ΙΙΙ
1390 1454 1466 1514 470.

322 1559 441 1616 Pac-⁶⁶&
469 1555 519 1614 Ad
550 1552 752 1614 πένεσθαι.
784 1555 1036 1617 Proverbialiter
1067 1557 1224 1616 Libanius
1255 1556 1308 1617 Or.
1341 1556 1417 1627 115
1449 1555 1489 1615 27
1526 1554 1586 1624 (εο.
1619 1554 1746 1613 Feerst.
1778 1552 1792 1610 1

512 1672 542 1731 p.
568 1657 642 1732 247,
670 1659 723 1728 21)
747 1648 790 1717 ὧν
813 1666 957 1718 τοσοῦτον
980 1655 1104 1736 ἀπεῖχον
1127 1662 1190 1729 ταῖς
1214 1655 1329 1717 ἐλπίσιν
1356 1656 1484 1733 ὅσονπερ
1507 1663 1560 1715 τοῦ
1583 1656 1760 1733 πιήσεσθνι.

468 1756 737 1842 πειρσσφενόὀνη
762 1756 791 1836 (ι)
814 1768 867 1820 τοῦ
888 1759 1000 1839 λόγον).
1022 1761 1143 1821 Theed.
1168 1761 1345 1821 Balsamen
1370 1760 1448 1820 XIX
1464 1761 1503 1819 13
1527 1759 1661 1834 (Herna,
1685 1755 1792 1818 Wien.
1888 1742 1890 1745 ’

513 1864 604 1924 stud.
628 1863 720 1923 XXV
742 1880 773 1938 p.
800 1865 882 1934 186).

468 1962 623 2045 πεοὸρία·
648 1960 812 2042 denobiae.
837 1966 877 2027 H.
902 1966 948 2027 CI.
973 1967 1059 2027 idem
1084 1982 1111 2026 a.
1136 1982 1166 2025 v.
1192 1966 1293 2042 σιπύη.

470 2064 598 2128 κεῦθεν
622 2067 685 2129 Lo.
712 2068 771 2128 Vll
795 2070 848 2129 56.
876 2069 1012 2143 „Kunde
1031 2069 1157 2143 geben'’
1181 2068 1291 2142 BlasS,
1316 2066 1389 2128 cell.
1414 2062 1676 2125 ὠνέν--πωλεῖν

469 2164 615 2251 πιεσθῇ-ν,
647 2165 676 2231 ὁ.
709 2170 790 2231 Add.
823 2170 951 2230 Libanii
982 2170 1034 2230 Or.
1067 2169 1111 2229 IV
1141 2170 1225 2239 §25
1258 2169 1318 2239 (ed.
1347 2169 1500 2229 Feerster
1522 2168 1537 2226 Ι
1560 2184 1590 2243 p.
1616 2168 1692 2236 295)
1717 2182 1792 2227 cum

514 2271 639 2332 scholio
663 2267 679 2330 ὃ
702 2269 738 2330 ιὰ
761 2270 915 2349 μακρόθεν
939 2270 1108 2348 μανθάνων
1131 2269 1181 2331 καὶ
1204 2268 1405 2350 ἀπαγγέλλων.

470 2368 651 2455 aspidem·
675 2372 782 2452 βράζει.
807 2374 847 2435 Η.
873 2373 1003 2435 Aeolica
1027 2390 1084 2450 pre
1108 2372 1263 2449 παφλάζει.

469 2472 577 2559 πηγή.
602 2476 673 2537 Vid.
698 2474 828 2555 ῥεῦμα.

470 2575 763 2662 πηγὸςελεννός.
792 2579 923 2639 Novum
955 2577 1145 2654 exemplum
1178 2577 1277 2637 hulus
1307 2592 1388 2637 usus
1419 2577 1468 2647 (de
1500 2590 1563 2649 quo
1594 2575 1727 2635 constat
1753 2588 1795 2633 ex

513 2681 737 2755 Lycophronis
767 2680 861 2741 Alex.
894 2682 970 2751 336)
1001 2679 1137 2755 praebet
1167 2679 1318 2755 pulcrum
1349 2680 1554 2754 epigramma
1583 2677 1617 2737 in
1641 2676 1693 2736 tit.
1725 2691 1796 2750 aeg.

513 2798 599 2844 saec.
624 2783 671 2842 III
694 2799 723 2844 a.
749 2782 782 2844 0.
807 2783 891 2844 Bull.
916 2784 945 2843 d.
970 2784 1003 2843 la
1026 2798 1092 2843 soc.
1117 2783 1205 2843 arch.
1229 2782 1274 2842 IV
1298 2782 1351 2858 88,
1375 2795 1424 2841 vs.
1450 2783 1487 2841 5:
1665 2861 1668 2868 ,

691 2882 765 2944 ἀλλά
788 2901 844 2945 σου
868 2881 982 2945 dorae
1006 2882 1110 2964 πηγὰ
1133 2881 1230 2961 πατὴρ
1254 2880 1325 2943 θέτο
1351 2882 1427 2941 reida
1449 2880 1592 2959 κομίσσας

694 2990 831 3065 Kedron,
854 2984 916 3047 ἐπεὶ
939 2990 1068 3065 perlepide
1091 2985 1203 3065 σάρκας
1226 2983 1363 3046 ἔδευσε
1386 2984 1462 3062 πυρί

515 3090 570 3150 ubi
604 3092 692 3151 recte
727 3090 950 3150 WilamerrItz
986 3088 1087 3149 Sitzb.
1119 3090 1150 3149 d.
1183 3088 1268 3150 Berl.
1292 3087 1353 3149 Alr.
1381 3086 1466 3147 1902
1497 3084 1602 3145 XLIX
1634 3083 1791 3155 6[1008]

517 3193 671 3254 emendat
694 3190 828 3252 ἔδαισε
851 3193 922 3253 sive
947 3189 1106 3266 ἔδννσε,
1130 3191 1202 3252 cell.
1228 3190 1407 3251 Simonidis
1425 3189 1465 3249 fr.
1486 3188 1530 3248 30
1549 3184 1665 3263 μηρίων
1684 3183 1793 3244 dadae

516 3292 622 3371 μένων.
654 3296 744 3355 Idem
775 3295 821 3356 l.l.
853 3296 886 3355 in
910 3296 990 3355 noia
1010 3295 1028 3354 3
1054 3296 1168 3355 menet
1191 3294 1288 3354 Hem.
1313 3294 1328 3353 Ι
1354 3292 1417 3352 124
1441 3290 1482 3352 do
1504 3302 1661 3364 equorum
1685 3287 1793 3348 celere

516 3398 681 3474 usurpari,
706 3398 861 3459 imitante
885 3397 1046 3457 Alcmene
1069 3397 1103 3455 in
1126 3395 1304 3456 Parthenio
1326 3409 1376 3454 vs.
1401 3393 1443 3453 48
1467 3389 1598 3469 (nnydgh
1623 3389 1663 3450 de
1685 3388 1795 3465 κύματι

516 3510 601 3583 πηγῷ
622 3503 735 3561 autem
754 3500 921 3574 ambigere
938 3499 1176 3574 grammatices
1192 3500 1304 3558 utrum
1326 3496 1464 3557 album
1485 3493 1530 3553 sit
1549 3507 1591 3553 an
1610 3491 1791 3566 nigrum,

514 3617 574 3661 nec
593 3602 669 3675 quid
690 3603 849 3662 iudicaret
868 3601 1054 3662 declarasse
1074 3599 1312 3661 Callimachum
1326 3599 1420 3659 Dian.
1438 3598 1481 3657 90
1501 3610 1599 3656 canes
1618 3594 1793 3654 vocantem

515 3701 606 3780 ἥμισυ
629 3704 753 3783 πηγνύς.
779 3738 820 3746 -
844 3704 965 3764 Utrum
987 3704 1020 3762 in
1041 3703 1205 3763 Stratonis
1226 3702 1343 3763 comici
1362 3702 1480 3775 fragm.
1500 3714 1551 3773 ap.
1569 3696 1734 3757 Keclrium
1745 3695 1792 3755 111

514 3821 544 3881 p.
577 3807 640 3867 361
673 3822 754 3882 sqq„
786 3822 835 3866 vs.
868 3807 910 3867 36
942 3821 1023 3881 sqq„
1055 3805 1110 3865 ubi
1139 3804 1190 3864 sal
1219 3801 1315 3882 πηγός
1346 3805 1492 3877 vocatur,
1525 3800 1565 3861 de
1588 3797 1696 3859 celere
1719 3796 1793 3857 albe

514 3909 724 3984 cogitandum
748 3909 793 3969 sit
817 3924 891 3969 cum
916 3909 1016 3983 Papio
1039 3908 1073 3968 in
1092 3907 1198 3968 lexico
1217 3922 1260 3967 an
1279 3922 1354 3967 cum
1375 3905 1534 3965 Meinelrio
1561 3900 1793 3977 explicandum

515 4026 600 4086 aqua
630 4012 760 4072 marina
790 4013 991 4072 concreta
1022 4015 1118 4081 (av.
1149 4008 1312 4088 πηγνύναι)
1343 4007 1472 4068 difficile
1496 4007 1595 4067 dictu.
1620 4003 1704 4063 Utut
1725 4004 1793 4077 est,

515 4114 560 4174 ibi
583 4119 634 4175 est
655 4113 913 4173 substantivum.

471 4210 728 4297 πηδαλιοοχεῖν.
752 4216 873 4277 Theed.
898 4215 1076 4275 Balsamen
1100 4214 1147 4274 XI
1171 4215 1191 4274 6
1215 4212 1332 4282 (Wien.
1358 4211 1450 4272 Stud.
1475 4210 1568 4271 XXV
1591 4226 1621 4285 p.
1649 4209 1732 4277 181).

470 4314 588 4399 κήδων
610 4333 667 4392 pro
690 4316 852 4377 παίδων.
876 4318 948 4378 Viri.
972 4332 998 4377 s.
1024 4333 1054 4377 v.
1080 4316 1249 4375 ιιαιίναι.

471 4419 521 4479 Ad
545 4418 692 4496 νηνιὸς
714 4419 899 4491 θάνατος.
924 4421 1054 4493 Fragm.
1081 4420 1163 4492 trag.
1188 4418 1298 4492 adesp.
1324 4417 1388 4476 255
1413 4410 1509 4476 NcIr'.
1534 4414 1668 4488 Legitur
1690 4412 1795 4472 etiam

515 4522 601 4596 apud
624 4522 837 4596 Hesychium.

325 4636 446 4694 ragan.
471 4618 715 4706 balleriniana,
743 4624 888 4683 luteus
925 4621 1061 4695 Plato,
1098 4621 1291 4680 convitium.
1323 4618 1423 4679 Pselli
1453 4632 1586 4678 carmen
1609 4616 1795 4690 scepticum

519 4742 565 4784 vs,
591 4728 632 4784 93
657 4726 864 4801 (Sternbach
890 4725 994 4784 Wien.
1020 4723 1111 4782 stud.
1136 4722 1227 4781 XXV
1251 4738 1280 4796 p.
1308 4722 1370 4790 16).

472 4822 678 4910 anderemo,
709 4829 934 4901 operarius
966 4826 1035 4900 qni
1058 4825 1218 4886 calcem
1242 4826 1481 4899 praeparat.
1507 4822 1558 4881 PB
1582 4819 1647 4880 362
1672 4818 1750 4879 VIII
1774 4820 1795 4878 8

518 4936 557 5000 (a.
584 4932 648 4990 215
674 4947 703 5005 ρ.
728 4928 773 4995 0.)
798 4929 1101 5010 prodemptorem,
1124 4928 1179 4987 ubi
1203 4928 1313 5001 agitur
1335 4927 1375 4985 de
1398 4923 1609 4985 aedidcando.

472 5028 679 5116 πηλσιιργός.
703 5033 740 5092 In
765 5031 984 5106 AnthelogIae
1008 5030 1251 5091 Alexandrinae
1274 5028 1460 5103 fragmento
1488 5032 1525 5097 (c.
1551 5041 1579 5085 a.
1608 5025 1670 5094 100
1693 5040 1723 5085 a.
1749 5024 1796 5095 Ο.)

519 5139 651 5195 servate
675 5136 708 5194 in
731 5134 864 5208 papyris
883 5133 1074 5193 Tebtunicis
1097 5134 1271 5192 occurrunt
1293 5126 1515 5209 πηλουργοὶ
1538 5126 1686 5205 μέλισσαι,
1708 5128 1797 5202 quod

520 5239 736 5314 depravatum
761 5235 890 5297 videtur
913 5252 955 5298 ex
977 5230 1434 5313 νηρονργοί-τνηρονοιοί.
