4234 6084
965 644 1107 705 177

469 851 529 895 rrae
553 852 581 895 a.
610 835 693 894 1884
718 850 766 908 sq.
791 851 820 909 p.
848 835 899 909 24,
925 829 964 894 n⁰
988 835 1049 893 241
1077 834 1212 908 praebet
1235 833 1370 893 tilulum
1394 834 1426 892 in
1452 849 1515 906 quo
1540 833 1750 909 Asclepiades

468 938 669 1011 Smyrnaeus
699 936 818 996 dicitur
848 935 908 996 sibi
937 936 1072 1009 suisque
1096 936 1218 996 emisse
1243 935 1482 1009 sarcophagum
1503 951 1643 1009 eumque
1668 933 1750 1013 λξαρ·

470 1039 546 1097 τῖσαι
572 1038 644 1098 σὺν
668 1048 714 1122 τῷ
738 1035 996 1117 ἔνδορώματι,

424 1135 570 1221 ἑνδδρως
583 1142 631 1211 (λ).
659 1140 730 1201 Vid.
756 1138 795 1200 ἐν
806 1141 823 1200 δ
832 1138 870 1219 ἕρ
880 1163 936 1212 ως.

424 1236 579 1323 ἔνδρασα.
606 1242 678 1303 Vid.
704 1239 859 1321 ἔνδορα.

425 1338 600 1426 ἔνδρομος.
626 1344 799 1406 Caesarius
823 1344 905 1405 Dial.
931 1344 961 1404 11
989 1347 1051 1405 110
1074 1360 1104 1420 p.
1130 1347 1194 1406 614
1220 1342 1270 1415 τάς
1295 1340 1462 1423 ἒνδρύμονς
1486 1345 1632 1417 κάττας.)

325 1471 340 1510 τ.
353 1457 401 1501 214.
429 1442 593 1529 ἑνειηκεῐν
617 1464 675 1523 pro
698 1445 836 1527 ἐνεγκεῖν.
860 1442 1043 1509 Meisterh.³
1070 1449 1132 1508 183
1156 1449 1254 1509 affert
1276 1448 1476 1527 συνενείγκηι,
1499 1446 1686 1527 εἰσήνειμκαν
1709 1463 1750 1507 ex

473 1548 542 1609 GIA
566 1550 596 1609 II
627 1550 700 1611 add.
724 1552 765 1611 57
786 1550 815 1627 b,
841 1551 871 1610 9.
899 1552 938 1609 13
976 1554 1015 1618 (a.
1041 1549 1075 1611 G.
1100 1551 1176 1619 362)
1211 1553 1244 1610 et
1275 1550 1354 1623 alim
1389 1550 1473 1611 Pers.
1507 1546 1749 1626 ἔσανενήνεικται
1786 1546 1790 1554 ’

473 1653 503 1712 ΙΙ
530 1654 650 1729 76911,
677 1654 707 1714 7.
732 1655 773 1714 31
797 1649 838 1733 (a.
865 1652 1012 1718 (1873).

430 1750 534 1816 ἕνεκα
564 1752 613 1813 κα)
646 1752 765 1817 εἵνεκα
798 1754 938 1830 Πλάτων,
962 1751 1163 1832 Δημοσθένης
1190 1752 1239 1813 καὶ
1263 1754 1295 1814 οἵ
1315 1752 1412 1826 άλλοι,
1437 1752 1627 1830 Θουκυδίδης
1651 1748 1684 1812 δὲ
1706 1749 1752 1812 ἀεὶ

474 1853 568 1916 ἕνεκα.
592 1857 707 1918 Thorn.
733 1873 819 1933 mag.
843 1874 873 1933 p.
898 1860 970 1933 151,
992 1857 1188 1918 4=Schol
1213 1856 1339 1916 libanii
1362 1856 1415 1916 Or.
1439 1856 1508 1928 115
1534 1856 1573 1915 13
1594 1855 1635 1915 ad
1654 1853 1752 1914 εἵνεκα

475 1960 613 2029 (Foeret.
639 1960 653 2018 I
678 1975 707 2033 p.
733 1961 809 2035 243,
829 1961 891 2028 14).
916 1959 986 2020 Hac
1009 1959 1117 2020 forma
1139 1958 1211 2020 sola
1233 1959 1337 2018 utitur
1360 1957 1528 2031 LibaniuS,
1554 1956 1640 2016 unde
1662 1959 1753 2031 patet

475 2076 539 2122 non
563 2058 643 2137 ἀντί,
665 2062 723 2122 sed
747 2058 846 2121 ἕνεκεν
870 2061 1107 2138 interpolatum
1132 2076 1205 2122 esee
1230 2061 1283 2121 Or.
1305 2060 1356 2131 15
1380 2060 1442 2119 194
1460 2054 1535 2137 (1.1
1553 2074 1583 2135 p.
1601 2060 1673 2136 170,
1691 2061 1752 2130 19).

433 2163 480 2223 Ad
504 2160 610 2223 ἕνεκε
634 2165 695 2224 etc.
721 2161 767 2223 Of.
791 2163 893 2224 etiam
916 2160 1035 2225 ἕνεκα)
1056 2164 1178 2234 (siclin
1201 2178 1274 2223 sero
1293 2162 1345 2222 tit.
1358 2161 1528 2235 bithynioo
1548 2161 1631 2222 Mitt.
1645 2161 1753 2221 XXIV

475 2268 550 2342 446,
576 2260 616 2325 n⁰
638 2265 681 2325 42
705 2264 790 2335 (W.).
816 2265 887 2325 Vid.
912 2262 1027 2343 ἕνχον
1051 2265 1084 2325 in
1109 2264 1341 2339 Addendis,
1367 2279 1397 2338 p.
1422 2264 1497 2324 955.

431 2362 643 2440 Ἐνελοσκίς·
668 2366 812 2444 Δημήτηρ
836 2363 868 2426 ἔν
892 2365 995 2451 Σάμῳ.
1022 2368 1062 2427 H.

432 2465 840 2551 ἑνεματίζεινεκλύζειν,
871 2468 1009 2529 verbum
1042 2468 1217 2528 medicum.
1249 2466 1331 2527 Add.
1364 2466 1507 2539 Hesych.
1531 2480 1558 2525 a.
1584 2481 1614 2525 v.
1638 2461 1753 2543 ἔνειμα-

474 2580 559 2647 τιῶν,
589 2572 643 2632 ubi
673 2572 798 2647 corrigo
822 2568 1067 2648 ἒνεματί<ζ>
1081 2584 1144 2630 ων·
1173 2566 1189 2627 δ
1213 2565 1247 2627 τά
1270 2565 1455 2646 ε’γκλάσματα
1480 2572 1547 2642 (pro
1571 2564 1753 2644 ἒνπάσματα)

474 2678 534 2745 τοῖς
558 2671 706 2753 ἀνδράσιν
729 2670 856 2745 ἐντιθείς
880 2670 1022 2745 (ἔνιείςῗ).

431 2772 695 2851 ἐνεδςεκωφὸς
730 2772 758 2847 ἐξ
793 2772 893 2854 ἀρχῆς.
928 2774 974 2836 Gi.
1007 2773 1122 2850 Cobet,
1154 2772 1235 2833 Nor.
1268 2772 1342 2832 leci.
1376 2787 1405 2846 p.
1434 2774 1506 2847 147,
1539 2771 1594 2832 ubi
1621 2772 1690 2848 agit
1713 2772 1753 2833 de

478 2879 579 2940 variis
611 2879 641 2939 lr.
669 2895 698 2939 v.
729 2877 932 2961 notionibus,
965 2876 1083 2937 Snidae
1106 2891 1132 2936 s.
1158 2891 1189 2936 v.
1221 2870 1389 2950 ἀπηνεώθη
1420 2870 1501 2944 ἐντός
1531 2873 1670 2934 reddens
1698 2889 1755 2949 pro

478 2977 557 3057 ὠμός
580 2984 614 3042 et
637 2979 769 3041 Cratino
795 2976 952 3057 ἠπιότητος
976 2993 1033 3056 pro
1057 2975 1259 3055 ἠλιθιότητος.

432 3079 623 3165 Ἐνερηλλοι·
648 3080 794 3159 Δημήτηρ
818 3082 946 3159 l-tepoll
974 3082 1010 3141 H.
1036 3079 1112 3141 Scil.
1133 3070 1335 3153 'agrorum
1359 3080 1591 3153 patronam.

433 3179 639 3266 ἑνεὺχεσθοιι
656 3184 847 3259 (synesius).
868 3183 947 3243 Sera
967 3184 1065 3243 inser.
1089 3182 1204 3257 argiva
1223 3179 1478 3255 meditandam
1498 3196 1517 3241 a
1536 3196 1572 3242 ee
1591 3183 1754 3255 repertam

479 3287 738 3348 communicavit
760 3300 892 3346 mecum
916 3284 1001 3345 Guil.
1025 3282 1200 3359 Vollgraff:
1225 3280 1378 3361 Αὐρήλιος
1397 3276 1507 3359 ’inope
1530 3279 1687 3361 λνεύχομαι
1706 3281 1758 3354 τὰς

479 3388 564 3461 θείας
587 3386 637 3447 κο)
661 3386 789 3467 μεγάλας
813 3386 941 3463 δυνάμις
964 3387 1035 3458 (sic)
1059 3383 1110 3457 τὰς
1133 3392 1188 3444 τοῦ
1210 3388 1287 3444 θεοῦ
1310 3381 1361 3443 κα)
1383 3380 1435 3455 τάς
1459 3382 1588 3461 δννάμις
1607 3385 1677 3455 (Sic)
1701 3392 1754 3443 τοῦ

481 3490 574 3566 νόμον
589 3535 713 3548 .......
741 3488 855 3549 Iudaei
878 3488 1020 3549 titulus?

435 3587 673 3675 ἑνεχοραοτάς.
710 3591 866 3665 Gortynis
896 3591 948 3652 lit.
980 3589 1033 3650 GD
1065 3589 1208 3665 4985,9
1240 3584 1437 3666 ἐνεχυραστὰν
1467 3583 1500 3646 δὲ
1529 3584 1569 3663 μ)
1600 3584 1766 3667 capique»-

481 3695 644 3773 Γορτύνιον
668 3690 697 3765 ἐς
721 3701 760 3751 τῶ
777 3686 935 3770 Ῥιττηνίοο.

436 3792 662 3879 ἑνεχοριμοιία
684 3811 742 3869 pro
765 3791 889 3873 ἐνέχυρα
912 3795 1090 3855 damnatur
1113 3808 1132 3853 a
1155 3791 1351 3866 Phrynicho.

325 3906 409 3963 1478-
437 3893 620 3982 ἐνηλεηής·
646 3895 678 3957 ἐν
705 3894 837 3979 ἐνθυμίη
863 3893 914 3957 ὢν.
938 3897 978 3958 Η.
1004 3897 1057 3956 Sic
1081 3894 1274 3969 corrigenda
1296 3892 1455 3967 Hesychii
1477 3893 1521 3968 gl.
1545 3889 1757 3972 ἕνηλεγείς·

482 3998 513 4059 ἐν
537 3997 684 4080 ἐπιθυμίᾳ
708 3997 758 4058 dv.
783 3999 830 4061 cf.
855 3995 1053 4079 άνηλεγές·
1078 3995 1291 4075 ἀφροντίστως.
1315 3995 1355 4056 H.
1380 3994 1453 4055 vid.
1478 3995 1705 4075 τανηλεγής.

437 4096 565 4185 amice.
585 4100 666 4160 Add.
688 4101 878 4162 10111646
899 4106 995 4171 (eaeo.
1010 4101 1040 4160 Il
1056 4115 1087 4176 p.
1101 4099 1157 4175 0.),
1178 4098 1233 4159 ubi
1252 4098 1427 4173 opponitur
1444 4106 1484 4180 τῷ
1504 4093 1664 4174 ἀφῆλιξ,
1682 4114 1713 4173 q.
1726 4115 1757 4159 v.

437 4199 620 4287 ἐνήσομεν·
649 4200 913 4281 <ἕγ>καθίσομεν
936 4208 1004 4278 (pro
1027 4200 1227 4279 ποθήσομεν),
1253 4199 1491 4276 καθελκύσομεν,
1512 4195 1707 4277 ἐμβαλοῦμεν.
1719 4200 1759 4261 Η.

438 4301 613 4381 ἑνδάδιος·
635 4303 776 4377 ἒννόττιος.
790 4306 830 4365 Η.
853 4305 999 4365 Utuntur
1019 4304 1204 4380 Geoponici.
1226 4302 1272 4364 Ol.
1294 4300 1492 4381 ἔγγύδιον·
1509 4333 1546 4343 -
1561 4305 1697 4381 πλησίον.
1718 4302 1759 4362 Η.

438 4403 655 4491 ἐνδαλᾰμια·
681 4407 836 4484 πλάσματα
861 4405 894 4467 ἐκ
918 4407 1056 4486 μήκωνος
1079 4405 1130 4467 κα)
1153 4405 1298 4484 σησάμης.
1323 4404 1363 4465 Η.

423 4511 487 4570 'Ad
511 4508 714 4581 ἔνθαλλος.
740 4509 808 4569 Vid.
834 4526 864 4585 p.
890 4511 966 4571 945.

433 4606 642 4687 ἑνδαλόξας.
667 4611 739 4671 Vid.
765 4627 791 4671 S.
817 4627 848 4671 v.
873 4609 1189 4688 θαλασσόμενον.

433 4707 613 4795 ἑνδὲμιον,
656 4712 926 4788 sepulcrum?
970 4714 1070 4774 Serus
1112 4709 1320 4772 Macedoniae
1362 4708 1483 4769 titulus
1518 4710 1600 4770 Mitt.
1636 4709 1760 4769 XXVII

482 4809 522 4874 n⁰
546 4816 606 4902 23:
632 4812 752 4876 Ξανθία
774 4822 814 4873 τῶ
836 4814 1031 4892 μ(λ)υκυτάτω
1054 4810 1143 4892 πατρ)
1167 4810 1346 4882 Ξάνθιππος
1369 4808 1442 4881 nost)
1460 4808 1613 4871 ’Ἄνθυλλα
1632 4811 1761 4888 postiae]

483 4916 568 4996 χάριν
592 4914 770 4993 ἐνθλμηον)
795 4950 836 4958 -
861 4917 935 4978 Alio
959 4933 1062 4979 sensu
1085 4916 1204 4978 Pollux
1226 4914 1251 4974 Ι.
1276 4913 1329 4973 90.

325 5056 349 5099 3.
363 5040 414 5085 174.
441 5012 653 5103 ἑνδομὴσιον
665 5020 718 5095 (1)·
739 5014 879 5096 άπειρον,
901 5016 1030 5096 ἔννομον
1054 5016 1196 5096 (άτιορον,
1216 5013 1371 5091 σεμνὸνῗ).
1385 5015 1425 5075 Η.
1450 5015 1522 5076 Vid.
1555 5012 1762 5091 ἐνθύμιον.

488 5120 549 5181 Sed
579 5122 619 5182 ο1.
653 5118 885 5196 ἐνθυμιζόμενοι
915 5122 1051 5183 Ρο11.ΙΙ
1076 5123 1154 5195 231,
1187 5120 1241 5193 qui
1273 5119 1321 5178 sic
1351 5133 1409 5192 pro
1437 5114 1658 5193 ἐνθυμούμενοι
1683 5116 1762 5191 legit

487 5222 571 5296 apud
594 5222 695 5281 Thuc.
719 5220 747 5277 V
765 5222 817 5297 31,
846 5224 873 5282 1.
898 5223 993 5283 Unde
1016 5240 1074 5299 pro
1097 5219 1284 5297 λνθνμήσιον
1308 5215 1762 5294 εοορ1οεοὶοὲνθυμιοτόν.
