4234 6084
1064 653 1128 712 256

473 834 514 905 εἰς
538 833 592 911 τὴν
611 834 702 914 Ἴδην.
727 836 860 909 ἀκούσας
884 836 917 898 δὲ
941 836 997 917 μετ’
1026 837 1127 919 ὀλίγον
1150 841 1220 912 τοὺς
1244 837 1377 918 Ἀχαιοὺς
1397 838 1562 916 πυρπολεῖν
1580 832 1635 912 τὴν
1654 832 1756 912 χώραν

472 935 577 1014 φεύγει
607 936 682 1017 πρὸς
712 938 765 999 τὸν
796 937 1000 1018 Ἀλέξανδρον,
1029 939 1080 1000 καλ
1110 939 1166 1020 τὴν
1196 938 1251 1018 μέν
1276 936 1404 1017 Ἑλένην
1427 939 1469 1011 εἰς
1490 935 1627 1017 τάλαρον.
1643 935 1755 1016 &duco

472 1036 586 1115 topho?
609 1040 751 1102 editores
774 1042 847 1104 coll.
872 1044 929 1105 Ar.
953 1043 1036 1104 Ean.
1061 1045 1126 1104 558
1150 1046 1233 1118 sqq]
1258 1042 1396 1122 κρύψας,
1417 1038 1526 1102 ἑαυτὸν
1549 1034 1578 1099 δ’
1604 1036 1645 1109 εἰς
1667 1036 1755 1115 κριδν

472 1139 693 1213 μετασκευάσας
732 1138 875 1220 ὑπομένει
915 1142 947 1203 τὸ
986 1141 1102 1219 μέλλον·
1137 1142 1380 1221 παραγενόμενος
1415 1135 1443 1202 δ’
1482 1138 1669 1218 Ἀλέξανδρος
1704 1138 1753 1199 καῖ

471 1239 614 1315 φωράσας
645 1240 785 1322 ἑκάτερον
815 1242 898 1323 άγειν
929 1244 976 1305 ἐπὶ
1007 1244 1058 1316 τὰς
1092 1254 1166 1315 ναῦς
1197 1245 1369 1323 προστάττει
1401 1241 1441 1315 ὡς
1471 1242 1661 1321 παραδώσων
1692 1247 1755 1313 τοῖς

471 1345 609 1418 Ἀχαιοῖς,
640 1339 789 1421 ὀκνούσης
816 1343 848 1405 δὲ
871 1354 922 1423 τῆς
940 1342 1066 1423 Ἑλένης
1086 1347 1198 1423 ταύτην
1226 1342 1280 1422 μὲν
1306 1344 1451 1422 οἰκτείρας
1475 1341 1515 1416 ὡς
1537 1337 1652 1423 γυναῖχ’
1679 1339 1755 1414 ἕξειν

470 1439 645 1522 ε’πικαιέχει,
668 1444 720 1504 τὸν
741 1443 773 1505 δὲ
797 1448 950 1507 Διόνυσον
973 1446 1013 1519 ὡς
1037 1447 1333 1526 παραδοθησόμενον
1361 1443 1546 1520 ἀποστέλλει,
1568 1448 1754 1503 συνακολου-

470 1548 564 1603 θοῦσι
599 1541 626 1605 δ’
665 1546 697 1606 οῖ
728 1548 851 1625 σάτυροι
878 1550 1122 1625 παρακαλοῦντές
1148 1572 1177 1610 τε
1207 1548 1257 1609 καλ
1281 1548 1338 1610 οὐκ
1367 1545 1405 1607 ἂν
1429 1547 1597 1626 προδώσειν
1620 1546 1754 1617 (melius

468 1647 661 1721 scripsisset
691 1649 869 1725 προδοῦναι)
902 1650 995 1711 αὐτὸν
1026 1651 1202 1728 φάσκοντες.
1234 1650 1418 1734 κωμῳδεῖται
1447 1644 1474 1709 δ’
1503 1646 1535 1709 ἐν
1564 1658 1603 1731 τῷ
1624 1646 1753 1724 δράματι

471 1749 618 1825 Περικλῆς
646 1750 725 1825 μάλα
756 1760 895 1823 πιθανῶς
917 1748 951 1810 δι’
979 1751 1134 1828 ἐμφάσεως
1158 1750 1198 1824 ὡς
1222 1750 1399 1831 εἰταγειοχὼς
1424 1751 1475 1820 (cf.
1501 1749 1648 1826 Append.
1673 1764 1700 1808 e.
1723 1764 1752 1808 v.

469 1846 487 1905 ἁ
497 1872 514 1926 γ
524 1871 535 1907 ε
545 1851 581 1907 ιἰι
592 1876 605 1927 χ
615 1856 644 1919 α)
669 1857 729 1923 τοῖς
763 1855 933 1931 Ἀθηναίοις
964 1853 1015 1913 τὸν
1039 1854 1181 1928 πολέμου.

422 1947 646 2013 ὄισοικκὶδιον.
673 1956 747 2028 741,
774 1958 805 2015 2.
830 1957 902 2018 Vid.
929 1955 1086 2014 διοάικιον
1109 1957 1143 2016 in
1168 1956 1284 2015 lexico.

421 2047 647 2132 ὃρομονόμος.
672 2056 833 2117 Leonidae
858 2058 958 2130 epigr.
984 2058 1059 2132 662,
1086 2060 1127 2117 55
1149 2056 1353 2134 δρομονόμον.
1377 2056 1514 2129 Reliqua
1537 2055 1714 2130 perierunt.

422 2145 606 2232 ἐγκεῖσδαῖ
630 2176 695 2212 τινι.
720 2158 801 2217 Add.
826 2158 958 2216 Pindari
981 2158 1091 2217 locum
1115 2158 1202 2218 infra
1224 2174 1250 2217 s.
1276 2173 1307 2217 u.
1331 2156 1463 2227 θάλος,

422 2247 644 2335 εἰσχρῆσθαι.
677 2257 751 2332 717,
779 2259 797 2317 2
831 2263 926 2327 (saeC.
953 2258 967 2316 Ι
991 2261 1076 2318 extr.
1102 2274 1130 2318 a.
1157 2258 1202 2327 C.)
1227 2257 1271 2317 ὅτι
1295 2262 1355 2329 τοῖς
1379 2255 1495 2334 μέτροις
1518 2274 1574 2316 σου
1597 2254 1634 2316 οὐ
1658 2253 1752 2314 θέλωι

467 2355 536 2423 (Sic)
561 2355 761 2433 ἱσχρησασθαι
785 2361 866 2431 (sic).

422 2449 649 2535 eatpdoasru.
682 2462 764 2522 Add.
797 2462 960 2521 Leonidae
985 2463 1086 2536 epigr.
1112 2463 1187 2528 662,
1210 2462 1252 2521 39
1276 2461 1394 2520 κάπνον
1419 2454 1445 2519 δ’
1472 2456 1750 2536 ἐκθρώσκοντα..)

466 2562 577 2649 ερεη[.].
604 2564 653 2632 []ο
678 2560 808 2639 λοέτροις
829 2562 833 2642 Ι
857 2566 902 2635 [.]
927 2561 981 2632 δας
1006 2562 1169 2638 δερκομένα
1195 2566 1204 2633 [
1208 2608 1333 2620 .......
1346 2559 1566 2636 ά]κροπο[λ..].

422 2651 597 2741 ἔκκαιρος.
622 2642 705 2725 1166.
728 2666 802 2740 729,
832 2667 871 2725 18
896 2646 989 2741 μηδδν
1013 2662 1153 2741 ἕκκαιρον
1177 2669 1292 2733 (sero)
1317 2645 1424 2735 ἐῶντος
1447 2645 1601 2744 γείνεσθαι
1623 2659 1700 2739 πρὸς
1720 2659 1752 2720 τδ

467 2761 507 2837 μὴ
531 2762 795 2842 καταβλάπτεσθαι
819 2767 872 2842 τὴν
898 2763 1030 2842 άμπελον
1052 2762 1128 2844 (137
1154 2781 1184 2840 p.
1210 2765 1266 2836 0.).

422 2862 471 2922 Ad
496 2860 690 2943 ἐκφόρεον
715 2867 815 2945 (1611).
841 2870 926 2929 Item
952 2870 1027 2943 643,
1053 2869 1106 2927 29.

421 2958 499 3045 ἐμβ(
543 2973 563 3042 λ,
597 2984 753 3030 mensura
782 2972 954 3044 quaedem.
987 2972 1062 3045 740,
1098 2971 1137 3030 18
1165 2967 1292 3046 με’11ροοι)
1317 2969 1472 3053 elopodiae)
1500 2978 1568 3045 μιᾶς
1592 2964 1658 3025 άντῖ
1681 2974 1751 3042 μιᾶς

464 3073 545 3139 (scil.
559 3072 703 3154 ἀρτάβης)
716 3072 875 3158 {effluitare}
885 3081 910 3147 7)
924 3073 1074 3155 (άρτάβαι)
1087 3057 1129 3155 ᾖ
1144 3074 1199 3135 κτὲ.
1218 3076 1382 3137 Editores:
1405 3076 1570 3151 „Perhaps
1593 3070 1752 3154 ἐμβολικῷ,

464 3175 521 3233 i.e.
536 3177 592 3236 the
611 3193 764 3238 measure
785 3180 955 3253 generally
977 3180 1056 3240 used
1081 3181 1115 3239 in
1139 3195 1216 3239 corn
1236 3180 1317 3238 send
1337 3179 1379 3252 by
1400 3180 1476 3238 boat
1487 3182 1521 3238 to
1534 3176 1749 3237 Alexandria.

464 3275 494 3333 It
518 3291 587 3337 was
610 3294 652 3338 no
676 3279 777 3339 doubt
800 3280 935 3340 smaller
958 3282 1038 3340 than
1062 3281 1120 3340 the
1144 3279 1291 3356 δημόσιον
1315 3276 1451 3356 μέτρον.”

420 3368 794 3457 ἕνθεσμοςτνόμιμος.
818 3383 899 3443 Add.
926 3385 999 3454 713,
1025 3384 1077 3442 39.

419 3470 606 3554 ἑντσλικδς.
642 3484 716 3557 741,
754 3486 771 3543 7
809 3490 905 3553 (saec.
940 3484 972 3543 ii
1002 3501 1032 3559 p.
1066 3480 1123 3563 0.).
1156 3486 1255 3562 Λόγος
1293 3481 1450 3542 ἕντολικῶν
1483 3478 1684 3561 Εὖγενέτορος
1717 3478 1748 3539 ἐν

463 3578 645 3666 distantem.
680 3586 819 3646 Vertunt
851 3587 1008 3646 editores:
1044 3589 1212 3661 „Account
1236 3586 1272 3644 of
1304 3585 1483 3645 articles
1514 3585 1555 3644 at
1576 3582 1693 3643 order
1716 3557 1753 3643 ολ

459 3681 644 3756 Eugeuetor
667 3688 700 3747 in
724 3704 744 3748 a
767 3689 883 3747 double
906 3688 1018 3747 sack.''

417 3776 1020 3867 ἐξαπελεοθνεροῦντάπελευθεροον.
1047 3789 1121 3862 722,
1153 3789 1203 3847 13.
1232 3790 1269 3847 17
1296 3789 1349 3857 (91
1373 3791 1432 3847 aut
1458 3789 1520 3847 lei
1544 3802 1574 3862 p.
1600 3784 1656 3855 6.).

419 3884 468 3943 Ad
493 3883 711 3956 ἑξενῖαυτα.
736 3891 852 3964 (App).
878 3890 961 3948 Item
989 3890 1063 3963 729,
1090 3890 1143 3948 26.
1615 3958 1620 3964 .

418 3979 624 4067 εέσρσσκὸςΞ
642 3987 774 4068 ἕορταῖος
799 3995 832 4049 et
856 3988 966 4062 ἓόριιος
991 3989 1099 4065 (sero).
1122 3991 1197 4064 724,
1219 3993 1238 4050 6
1260 3992 1334 4059 (155
1357 4007 1386 4064 p.
1409 3988 1464 4058 e).
1488 3986 1576 4067 χωρλς
1595 3985 1748 4066 ἐορτικῶν,

463 4091 659 4163 exeeptis
683 4092 845 4150 dierum
870 4092 1078 4150 festorum
1104 4092 1358 4151 muneribus,

417 4184 594 4251 ἐπασκεῖν.
620 4192 700 4250 Add.
724 4192 812 4250 inira
835 4191 968 4251 Pindari
991 4193 1099 4252 locum
1124 4210 1150 4252 e.
1177 4210 1205 4252 v.
1231 4191 1451 4262 εὐπέταλος.

418 4285 613 4371 ἐπέραστος.
641 4293 719 4352 Add.
747 4294 1047 4366 Διονυσα1εξανδρου
1072 4297 1308 4367 argumentum
1334 4296 1408 4367 663,
1438 4294 1488 4353 18.

417 4387 642 4472 ἐπικατέχειν.
668 4395 748 4453 ned.
774 4396 849 4469 663,
876 4396 928 4454 39.

416 4488 661 4575 ἐπιμειηνόναι.
686 4497 767 4556 Add.
794 4497 924 4556 Pindari
947 4497 1066 4569 fragm.
1091 4512 1191 4570 supra
1213 4513 1241 4557 s.
1265 4513 1295 4557 v.
1320 4496 1501 4574 αἰψηρός.

416 4591 574 4678 ἑπινσμὴ,
605 4601 793 4673 pastura.
827 4599 901 4672 730,
935 4599 989 4670 11;
1022 4598 1105 4670 814;
1136 4598 1200 4657 828
1231 4597 1515 4681 ξυλαμῖγσαιῑγόρτῳ
1539 4596 1594 4667 εἰς
1617 4595 1746 4678 north!

459 4697 524 4757 καὶ
556 4697 759 4776 ἐπινομήν.
794 4699 862 4759 Vid.
894 4698 1040 4773 Append.
1073 4715 1099 4757 s.
1127 4716 1155 4758 v.
1188 4700 1375 4775 ξυλαμᾶν.
1401 4701 1479 4760 iisse
1507 4700 1635 4759 videtur
1657 4701 1745 4773 quod

458 4818 517 4862 nos
541 4803 730 4861 naweide
755 4801 975 4875 appellamus
1002 4801 1021 4859 i.
1037 4816 1064 4860 e.
1089 4804 1224 4874 pastura
1248 4802 1383 4877 herbae,
1409 4818 1493 4875 quae
1505 4804 1580 4876 post
1597 4814 1744 4866 messem

458 4903 576 4978 (κοπην)
600 4905 775 4963 succrevit.
797 4902 843 4960 Cf.
868 4901 1010 4979 ἐπίκρισις
1035 4907 1068 4962 61
1091 4904 1223 4963 similia.

413 5002 639 5089 ἐπισπέρχειν.
666 5007 736 5065 Vid.
761 5022 787 5064 s,
813 5020 842 5063 v.
869 5003 1051 5079 αἰψηρὸς.

412 5103 616 5181 ἐπεάπολος.
641 5109 827 5167 Thebarum
853 5106 1032 5179 epitheton.
1058 5108 1140 5166 Add.
1162 5108 1291 5166 Pindari
1315 5107 1434 5182 fragm.
1461 5107 1536 5182 669,
1562 5108 1615 5167 64.

413 5205 573 5291 ἐργατείοι
596 5226 670 5267 sera
693 5210 799 5267 forma
825 5224 882 5281 pro
906 5204 1027 5286 ἐργασία
1052 5210 1138 5282 (ῖ42,
1168 5212 1228 5275 11).
1255 5210 1336 5269 Add.
1361 5210 1426 5270 800
1452 5209 1527 5277 (153
1551 5223 1581 5282 p.
1606 5207 1662 5276 0.).
