4234 6084
1069 678 1133 738 249

440 855 681 945 εὐόαφὸρητος.
714 864 795 925 Add.
825 866 943 940 fragm.
981 866 1147 926 medicum
1178 878 1265 923 saec.
1298 862 1329 921 II
1361 877 1390 936 p.
1424 859 1457 921 O.
1491 858 1569 920 OPG
1602 861 1631 935 2,
1666 864 1694 936 l,
1721 863 1758 921 o:

486 964 592 1041 νομίζω
622 963 671 1024 καί
702 964 1020 1045 εὖκατίργαοτον
1051 960 1128 1026 strui
1160 964 1213 1041 τὴν
1244 963 1358 1023 τούτων
1388 961 1465 1038 ὕλην
1491 958 1547 1020 καὶ.
1573 960 1759 1037 εὐδιαφό-

483 1087 609 1144 ρητον.
633 1067 798 1129 Vocabula
820 1069 888 1130 iere
911 1084 1107 1143 synonyma.
1132 1067 1178 1127 ef.
1203 1066 1320 1127 lexico.
1340 1063 1425 1124 Illud
1445 1064 1573 1138 proprie
1596 1062 1761 1139 signiticat

483 1168 587 1240 quod
610 1169 739 1230 facile
763 1170 1009 1245 conficitur,
1035 1170 1097 1230 hoc
1119 1168 1225 1242 quod
1248 1166 1385 1227 facile
1408 1166 1632 1240 digeritur.

439 1258 717 1348 εὐκατέργαστος.
742 1270 814 1332 Vid.
838 1270 1144 1351 εὐδιαφόρητος.

439 1359 588 1446 εὐτυχεῖν
608 1383 682 1429 oum
703 1371 874 1434 infinitivo.
895 1373 1054 1434 Thesauri
1074 1372 1154 1433 locis
1173 1371 1255 1431 adde
1275 1368 1440 1446 Apollonii
1460 1369 1644 1444 TyanensIs
1664 1370 1759 1445 epist.

481 1466 632 1530 XXXIX.

437 1560 591 1651 εὐτυχής.
624 1572 697 1632 Eur.
731 1575 801 1635 Alc.
829 1576 891 1635 182
923 1575 1053 1654 σώφρων
1084 1572 1138 1651 μὲν
1169 1573 1225 1633 οὐκ
1255 1569 1294 1630 ἂν
1325 1576 1451 1649 μᾶλλον,
1478 1569 1603 1649 εὐτυχὴς
1626 1566 1653 1629 δ’
1680 1571 1759 1644 ἴσως.

482 1668 621 1731 Versum
652 1674 865 1737 notissimum
896 1676 1035 1762 πορρδεῑ
1060 1676 1238 1751 Procopius
1268 1675 1302 1735 in
1326 1674 1421 1749 epist.
1446 1672 1554 1732 XXIV
1577 1674 1660 1734 extr.
1684 1674 1760 1734 scri·

482 1770 561 1831 bens
591 1769 699 1845 εὔνους
730 1772 785 1851 μὲν
817 1776 873 1837 οὐκ
904 1774 943 1837 ev
966 1781 1094 1855 μᾶλλον,
1115 1776 1255 1854 κρείττων
1279 1771 1312 1835 di
1336 1774 1414 1845 ἴσως.
1439 1773 1485 1835 of.
1511 1778 1566 1836 Ar.
1591 1775 1647 1849 Eq.
1675 1777 1758 1838 1251

479 1888 526 1945 sq.
552 1876 585 1934 et
607 1874 737 1938 Lobeck
761 1880 801 1939 ad
825 1880 923 1956 Soph.
948 1881 1039 1942 Aiac.
1065 1881 1130 1941 550
1155 1879 1204 1940 ed.
1230 1878 1287 1938 III.

435 1968 458 2056 ἦ·
477 1991 534 2049 pro
557 1980 669 2050 μᾶλλον
688 1975 708 2055 ἤ
727 1982 859 2055 saepius
882 1986 1018 2058 apparet
1037 1982 1122 2058 apud
1140 1982 1321 2055 aequiores,
1347 1995 1377 2037 v.
1392 1994 1418 2038 ο.
1443 1976 1759 2054 Pseudo-cratetem,

479 2078 573 2152 epist.
594 2078 638 2138 VI
658 2083 690 2140 et
710 2080 834 2155 XXlV;
856 2084 1049 2158 Procopium
1071 2084 1167 2159 epist.
1188 2080 1337 2141 LXXXV
1358 2083 1442 2140 extr.
1458 2078 1583 2139 —Iam
1596 2078 1760 2139 Homerus

479 2178 554 2238 πολὺ
578 2180 727 2257 βούλομαι
749 2180 769 2259 ἤ
793 2190 820 2241 Α
845 2186 905 2244 112
927 2188 959 2245 et
979 2186 1161 2261 Xenophon
1183 2187 1279 2259 Ages.
1302 2184 1331 2256 4,
1353 2185 1371 2242 5
1393 2181 1533 2257 οίροῦμιιι
1555 2178 1574 2257 ἦ
1594 2182 1758 2242 dixerunt.

434 2275 612 2362 ἤλεκτρον.
637 2282 708 2344 Vid.
733 2283 868 2361 Berard,
894 2287 970 2347 Les
994 2287 1116 2347 Phen.
1142 2289 1181 2347 et
1204 2285 1307 2345 l'Od.
1332 2286 1346 2343 l
1372 2300 1401 2358 p.
1427 2286 1492 2343 449
1516 2301 1586 2357 sqq.
1621 2274 1624 2277 ’

434 2379 635 2466 θεραπηίοοι
657 2382 752 2463 τιμήν,
777 2387 953 2448 oraculum
978 2390 1010 2448 in
1037 2388 1154 2448 Iuliani
1177 2387 1271 2461 epist.
1297 2385 1369 2444 LXI
1393 2388 1411 2456 o
1434 2388 1465 2459 4,
1491 2401 1538 2445 vs.
1564 2389 1594 2445 o.

435 2480 596 2564 depietae,
629 2486 893 2550 domicilium
925 2491 1158 2563 aestivum,
1189 2487 1307 2546 Iuliani
1338 2487 1433 2560 epist.
1466 2486 1551 2545 XIV
1575 2490 1593 2557 5
1617 2488 1647 2561 3,
1672 2488 1757 2559 quod

477 2603 541 2648 sec.
566 2587 726 2649 Galerium
751 2586 938 2668 θέρετρον
962 2590 1046 2650 dixIt
1070 2590 1296 2665 Hippocrates.

434 2685 615 2768 ilpdontoc.
641 2689 711 2751 Vid.
737 2706 836 2767 supra
859 2708 885 2752 s.
912 2709 941 2752 v.
967 2691 1122 2768 σκίρωο.
1241 2672 1246 2679 ’

434 2785 547 2871 θύμος
570 2792 641 2850 sive
664 2786 791 2873 topos.
816 2793 887 2854 Vid.
913 2794 999 2854 inira
1023 2792 1157 2867 φυτόν.

432 2889 532 2972 ἱερός.
575 2893 758 2967 Byzantino
799 2911 952 2957 sermone
990 2897 1116 2970 passim
1152 2898 1203 2955 est
1237 2894 1412 2968 appellatIo
1448 2894 1626 2954 honorifica
1657 2911 1759 2954 sexus

474 2995 645 3068 utriusque
672 2996 873 3071 respondens
896 2996 964 3058 iere
984 2997 1087 3058 latino
1111 2996 1405 3071 clarissimus,
1431 2997 1777 3070 praestantissi.

474 3112 572 3157 mus,
598 3097 701 3171 Saepe
725 3112 754 3157 v.
780 3113 806 3158 o.
831 3099 879 3158 ita
902 3098 1050 3159 Iulianus
1074 3099 1107 3157 in
1131 3097 1292 3172 epistulis.

431 3194 556 3274 καίτοι,
591 3200 628 3256 ut
659 3199 861 3273 antiquiores
899 3199 1019 3279 καίπερ,
1045 3201 1171 3276 passim
1204 3215 1278 3260 cum
1311 3200 1482 3275 participio
1510 3200 1651 3275 iungunt
1680 3200 1757 3261 scri-

474 3302 585 3374 ptores
608 3300 730 3360 aetatIs
748 3300 984 3364 hellenisticae.

432 3394 597 3483 Καλυψώ.
633 3400 746 3462 Insula
779 3400 941 3478 Calypsus
976 3405 1009 3464 in
1045 3406 1194 3479 Odyssea
1228 3403 1403 3477 significari
1439 3418 1577 3477 parvam
1613 3401 1756 3461 Insulam

475 3500 650 3576 Perejil,
676 3503 777 3563 sitam
801 3519 901 3579 prope
923 3505 1054 3565 Abilam
1080 3509 1230 3565 montem
1255 3510 1287 3562 ln
1311 3504 1421 3562 Africa
1445 3506 1528 3576 sept.
1553 3502 1756 3562 occidentem

474 3618 605 3679 versus,
641 3604 871 3666 demonstrare
906 3611 1043 3667 conatur
1078 3606 1198 3666 Berard
1241 3604 1262 3663 l.
1295 3603 1316 3663 l.
1348 3604 1456 3677 Icap.
1492 3603 1553 3676 III,
1590 3603 1757 3677 imprimis

474 3722 504 3780 p.
530 3706 593 3765 263
618 3719 688 3779 sqq.
714 3705 779 3765 Res
803 3722 860 3782 per
884 3724 982 3782 quam
1008 3708 1118 3782 dubia,
1146 3711 1181 3766 ut
1204 3707 1285 3766 mihi
1310 3705 1441 3779 quidem
1468 3705 1606 3764 videtur.

431 3806 684 3887 καταμοοσοῦν,
716 3809 883 3881 poetice
914 3825 1133 3870 exornare.
1166 3808 1286 3867 Iuliani
1318 3808 1414 3881 epIst.
1447 3806 1557 3865 XXIX
1588 3808 1755 3876 §3nau-

473 3909 630 3982 μούσωσας
654 3906 727 3967 αὐτὸ
751 3909 910 3979 (tabulam
934 3912 1198 3986 geographicam)
1221 3906 1366 3986 προσθεὶς
1389 3908 1458 3978 τοὺς
1482 3907 1618 3984 ἰάμβους.

430 4004 654 4086 καταπαύσω,
688 4011 758 4071 soil.
789 4010 841 4071 τὸν
871 4010 972 4090 λόγον,
1001 4027 1058 4086 pro
1090 4010 1326 4086 καταπαύσομαι.
1359 4010 1439 4069 Add.
1471 4009 1753 4083 Pseudo-hippocr.

473 4112 570 4187 epist.
594 4111 717 4172 XXVII
740 4115 758 4184 ξ
781 4116 833 4174 55.

431 4214 479 4273 Ad
492 4211 627 4288 κεφαλὴ
647 4213 730 4289 περί
737 4218 775 4273 iis
785 4238 850 4285 τος.
865 4215 910 4276 ol.
925 4218 1028 4275 etiam
1039 4213 1131 4289 κόμης
1145 4211 1321 4286 περιθέσεις.
1336 4214 1527 4273 Philostrati
1540 4214 1635 4288 epist.
1649 4214 1753 4277 XXII.

429 4309 667 4376 alternantium.
689 4316 966 4376 Pseudo-tratetis
980 4317 1074 4391 epist.
1089 4314 1207 4374 XVIII.
1222 4313 1293 4373 Vid.
1311 4329 1411 4388 supra
1423 4329 1449 4374 s.
1465 4331 1494 4375 v.
1515 4311 1754 4390 ὀψοπώλιοο.

430 4409 670 4498 κοηκοόσσωρ,
701 4432 941 4477 concussor.
974 4418 1122 4491 Procopii
1154 4418 1250 4491 epist.
1283 4416 1329 4475 IX
1361 4414 1413 4474 τὸν
1445 4414 1477 4476 δὲ
1504 4413 1750 4479 ιἰδικοῦοταῬο-

472 4519 569 4593 μαίων
592 4519 703 4603 γλώττῃ
726 4520 941 4599 κογκούσσωρα
965 4519 1069 4591 είντοις.

431 4616 611 4701 κοιάστωρ,
632 4625 824 4695 quaestor.
846 4623 965 4683 Iuliani
979 4624 1076 4699 epist.
1090 4622 1198 4682 XXVI
1212 4623 1365 4691 (lemma).
1380 4620 1426 4681 Oi.
1440 4637 1540 4696 supra
1559 4622 1751 4702 κοοάοιοορ.

433 4721 478 4779 Ad
502 4722 803 4799 κονσιστώριον.
830 4722 876 4784 Gi.
903 4724 1109 4801 κονσιστόρτον
1133 4725 1202 4794 (sic)
1227 4724 1260 4784 in
1284 4723 1432 4797 Procopii
1457 4725 1551 4798 epist.
1577 4725 1753 4786 LXXXIV.

433 4824 553 4885 κυκᾶν.
585 4824 730 4899 Procopii
756 4826 850 4899 epist.
876 4826 1067 4886 XXXVIII:
1099 4824 1174 4885 ὅθεν
1198 4823 1311 4884 ἐπαινῶ
1334 4823 1403 4895 τοὺς
1427 4825 1563 4904 πρώτους
1587 4827 1754 4908 τραγῳδίαν

473 4921 629 5002 εὑρόντας,
664 4923 708 4984 ὅτι
743 4926 970 5003 καταμαθόντες
1004 4926 1059 5004 τὴν
1092 4929 1184 5006 τύχην
1216 4925 1293 4987 ἅνω
1325 4925 1388 4987 καὶ
1423 4929 1524 4985 κάτω
1555 4936 1680 4985 κυκᾶν
1711 4928 1753 4986 τὰ

474 5032 530 5083 τῶν
561 5019 782 5101 ἀνθρώπων
805 5028 1012 5106 πράγματα
1035 5028 1092 5089 nti.
1118 5031 1185 5089 Aut
1203 5030 1300 5092 fallor
1323 5034 1381 5090 aut
1399 5027 1548 5101 sophista
1572 5027 1690 5087 alludit
1713 5031 1752 5088 ad

473 5126 674 5201 deperditum
690 5143 822 5189 versum
836 5131 1013 5206 tragicum,
1028 5133 1081 5205 qui
1096 5132 1211 5193 luerit:
1232 5130 1251 5191 ἅ
1262 5154 1309 5190 νο
1328 5130 1426 5189 κάτω
1448 5137 1605 5186 κυκῶοα
1625 5128 1752 5205 θνητὰ

473 5226 692 5307 πράγματα,
723 5232 759 5288 tit
787 5228 886 5307 θνητὰ
909 5247 967 5306 pro
991 5237 1116 5309 θνητῶν
1138 5233 1296 5311 πράγματα
1320 5231 1405 5291 dixit
1427 5231 1599 5307 Euripides
1622 5232 1661 5292 fr·
1686 5234 1752 5292 400
