4234 6084
1062 655 1105 714 60

1068 878 1104 944 Ε.

277 1045 393 1101 οιαοο.
421 1039 471 1100 aa
496 1042 577 1098 a:
593 1045 627 1099 A.
652 1041 750 1103 arura
772 1041 890 1102 weber
914 1044 946 1101 in
971 1043 1002 1102 h.
1024 1043 1044 1103 1.
1070 1019 1210 1103 censura
1233 1044 1322 1103 Neue
1343 1041 1425 1101 aar.
1453 1040 1618 1101 aundsch.
1646 1040 1742 1114 1903,

464 1157 494 1217 p.
522 1143 594 1203 108.
619 1142 691 1203 vid.
716 1143 800 1204 infra
823 1140 999 1220 μέλιστα,
1022 1142 1265 1223 τετεγμένος.
1291 1143 1338 1205 Cf.
1370 1142 1499 1203 Thumb
1524 1143 1577 1204 76.

421 1239 537 1326 Epro
561 1239 623 1308 ΑΙ.
658 1244 800 1307 Timoth.
829 1247 918 1307 Pars.
949 1249 991 1309 90
1015 1249 1049 1308 et
1077 1249 1138 1308 120
1170 1248 1203 1308 in
1235 1244 1516 1324 παλεομίσημα
1547 1245 1580 1303 et
1603 1246 1742 1301 παλευ-

466 1342 788 1426 νυμφα[ιο]γόνον
819 1351 934 1409 contra
965 1349 1136 1424 vulgarem
1168 1365 1280 1425 usum,
1313 1362 1376 1422 quo
1413 1348 1461 1405 Al
1494 1346 1527 1405 in
1560 1348 1589 1402 A
1625 1343 1742 1418 corripi

467 1447 560 1508 solat.
586 1446 632 1507 Of.
656 1448 923 1529 -γΓως--γ-αιῐξ,
946 1450 989 1511 al.
1020 1452 1054 1511 et
1075 1450 1213 1512 Dindori
1233 1450 1267 1510 in
1292 1449 1460 1509 Thesauro
1484 1446 1528 1504 VI
1555 1446 1608 1521 67,
1643 1459 1740 1519 quem

464 1548 546 1608 citat
567 1547 791 1611 Wilamowitz
815 1568 845 1627 p.
870 1553 923 1613 42.

419 1652 447 1707 Ε
474 1653 514 1710 et
546 1652 565 1709 Ι
592 1652 795 1714 contusae
826 1655 860 1715 in
890 1654 999 1715 titulis
1030 1656 1129 1715 Asiae
1154 1654 1307 1728 minoris,
1340 1654 1377 1712 ut
1399 1647 1519 1730 γέγονες
1542 1650 1576 1709 in
1600 1649 1745 1723 Phrygia

462 1754 496 1813 at
530 1749 787 1832 ἀναγενώσκοντες
823 1757 855 1814 in
891 1757 1057 1817 Armenia.
1090 1756 1161 1816 Vid.
1195 1754 1411 1815 Kretschmer
1440 1752 1474 1812 in
1506 1750 1620 1812 Woch.
1651 1749 1673 1810 f.
1697 1749 1742 1809 ki.

464 1854 580 1915 Philol.
609 1856 738 1931 1899,4
762 1856 837 1927 (W.)
861 1856 907 1917 Cf.
933 1857 1018 1918 infra
1041 1854 1187 1917 εὔπλεα
1200 1880 1241 1904 =
1256 1852 1362 1915 εὔπλια
1376 1878 1417 1903 =
1430 1851 1564 1914 εὔπλοια.

423 1956 472 2017 Ad
498 1958 525 2013 Ε
548 1972 605 2032 pro
631 1958 664 2016 0.
688 1958 808 2019 Weber
831 1958 921 2019 addit
944 1956 1452 2040 τοξοβελίαιςετοξοβολλαις.

275 2079 393 2135 νιγοοι.
422 2051 484 2120 ἐάν
508 2073 583 2118 cum
606 2058 713 2134 ellipsi
738 2061 873 2122 voculae
895 2052 947 2144 γ’γλ
971 2060 1139 2136 Magdolae
1163 2075 1234 2135 pap.
1260 2075 1346 2121 saec.
1371 2060 1418 2119 ΙΙΙ
1439 2073 1467 2118 a.
1486 2058 1520 2119 C.
1541 2056 1623 2117 BCH
1637 2055 1745 2115 XXVI

470 2175 500 2234 p.
528 2162 578 2235 14,
603 2160 624 2221 l.
652 2163 706 2221 11:
731 2159 783 2221 ἐὰν
807 2158 826 2221 o
849 2162 955 2242 γράφω
978 2159 1095 2240 ἀληθῆ,
1118 2161 1183 2222 nisi
1206 2161 1290 2222 forte
1313 2160 1489 2236 legandum
1513 2155 1615 2235 ἀληθῆ
1631 2149 1723 2239 <γ’γ>.

280 2280 337 2335 rag.
352 2280 399 2324 aaa.
427 2254 556 2341 ἑάριον·
581 2260 682 2341 ῥόδον.
706 2263 746 2324 Η.

424 2355 584 2443 ἑάρτερα·
616 2360 733 2442 ἕαρινά,
762 2364 865 2442 λεπτοὶ,
894 2362 1008 2441 ἁπαλά,
1037 2365 1152 2443 πυκνά,
1175 2365 1286 2443 χρόνια.
1311 2366 1351 2426 H.
1384 2365 1577 2425 Formatum
1602 2364 1639 2422 ut
1661 2361 1745 2437 βασι-

469 2466 610 2541 λεύτερος.
635 2466 682 2528 of.
706 2467 840 2529 Nicand.
865 2469 960 2530 Ther.
986 2469 1061 2529 380.

425 2560 810 2649 ἐοιόξησοιςεηῦξησας.
835 2570 983 2632 Galatiae
1007 2572 1058 2631 iit.
1083 2572 1180 2631 metr.
1205 2569 1288 2629 BCH
1312 2569 1343 2628 X
1367 2569 1442 2643 616,
1469 2582 1500 2627 n.
1527 2567 1579 2627 23.

425 2669 475 2729 ad
509 2666 792 2747 ἕβδεμήκοντα.
829 2674 881 2733 Sic
915 2688 1043 2747 quoque
1075 2673 1127 2733 tit.
1159 2671 1267 2747 delph.
1301 2670 1383 2731 BCH
1407 2669 1516 2729 XXVI
1548 2685 1576 2743 p.
1602 2667 1700 2744 43,1.
1727 2670 1746 2727 6

469 2769 588 2845 aliique
612 2772 806 2847 complures,
1737 2774 1739 2779 ’

424 2867 588 2955 ἑβδομὰς.
613 2874 653 2935 Μ.
668 2875 779 2951 Haupt
803 2876 835 2935 in
859 2877 1026 2936 Thesauro
1050 2876 1090 2936 ad
1115 2874 1215 2936 verba
1240 2875 1301 2951 „Et
1323 2875 1365 2935 ib.
1389 2872 1455 2952 περὶ
1479 2869 1585 2949 δὲτὴν
1605 2866 1748 2948 δευτέραν

469 2971 623 3052 ἑβδομάδα
654 2973 756 3036 ἔννοια
785 2977 896 3057 γίνεται
917 2981 1011 3037 καλοῦ
1034 2998 1064 3036 τε
1087 2973 1136 3035 καὶ
1159 2977 1277 3036 κακοῦ”
1301 2976 1454 3037 adnotat:
1481 2974 1623 3051 ,Eodem
1646 2986 1747 3033 sensu

470 3076 553 3136 Plut.
579 3077 619 3137 de
642 3078 724 3153 piac.
748 3079 827 3154 phil.
852 3079 903 3140 W.
933 3080 1015 3149 11.†

423 3172 789 3261 ἑβδομηκοντάροορος
813 3181 919 3241 milas.
944 3181 1025 3241 Tebt
1049 3197 1122 3257 pap.
1148 3183 1201 3257 62,
1227 3183 1286 3255 30;
1312 3183 1364 3256 63,
1391 3182 1448 3255 34;
1473 3181 1515 3240 64
1529 3183 1580 3254 (a),
1608 3180 1647 3239 16
1672 3179 1749 3247 (aet.

468 3279 755 3352 Ptolemaeorum).
796 3281 842 3342 Cf.
874 3280 1175 3360 εἰκόσορουρος,
1207 3282 1629 3359 εἰκοσιπενεάρουρος,
1663 3278 1746 3340 ἑκα-

470 3380 753 3462 τοντάρουρος,
776 3385 838 3444 oto.

426 3478 531 3565 ἔβλω·
554 3482 656 3566 ᾤχετο,
679 3481 792 3562 ἐφάνη,
815 3483 882 3562 ἔστη
907 3482 1075 3563 (ἀπέστηλλ.
1089 3486 1130 3546 Η.
1145 3509 1186 3534 =
1200 3484 1312 3562 ἔμολεν.

425 3580 534 3667 ἒβρων
565 3601 630 3646 aor.
663 3586 753 3647 vorbi
783 3585 974 3666 βιβρώσκειν,
999 3590 1036 3647 ui
1058 3584 1154 3667 ἔγνων
1178 3603 1197 3647 a
1220 3588 1410 3668 γιγνώσκειν,
1439 3586 1515 3666 ἔβλω
1547 3586 1744 3665 ὃβλώοκειν.

471 3686 593 3760 Hymn.
617 3687 706 3749 hom.
730 3687 836 3764 Apoll.
864 3689 943 3762 121;
970 3688 1096 3750 Gallim.
1122 3691 1175 3749 49.
1201 3688 1246 3750 of.
1272 3690 1415 3764 Hesych.
1440 3706 1467 3750 s.
1492 3705 1523 3751 v.

427 3781 595 3869 ἑβὺλλων·
619 3786 737 3868 ἔβρυον.
761 3786 926 3868 ἐπλήθυον.
951 3792 991 3852 Η.

428 3884 577 3972 ἔγγαιος.
602 3890 673 3953 Vid.
698 3889 867 3965 ἔντονος.

428 3986 591 4075 ἔγγαλθν·
616 3992 768 4071 πρόβατον
790 3995 866 4074 γάλα
889 3993 965 4073 ἕχον.
987 3996 1027 4057 Η.

427 4089 841 4180 ἑγγ<λ>ηνάλοκφοι>·
866 4095 1095 4177 ὑπογράμματοι
1114 4100 1162 4168 (i).
1183 4097 1224 4158 H.
1250 4096 1398 4157 correxit
1422 4096 1548 4156 Alberti
1567 4096 1639 4156 coli.
1661 4094 1749 4156 ὑπο-

474 4196 679 4275 γράμμανα
718 4200 895 4275 (Aristoph.
927 4199 965 4260 ir.
998 4216 1027 4274 p.
1063 4199 1170 4276 1078)·
1211 4196 1386 4275 οτιμίσματα
1417 4205 1476 4256 τῶν
1511 4193 1680 4274 ὀφθαλμῶν
1715 4201 1750 4259 oi

473 4296 806 4379 ὑπογεγραμμὲνη
842 4302 953 4372 (Arist.
985 4302 1024 4362 fr.
1051 4301 1137 4371 2721·
1171 4296 1368 4380 ἕγκεγριμὲνη.
1400 4300 1462 4361 Sed
1489 4300 1536 4360 iia
1562 4299 1749 4375 postulatur

473 4398 667 4480 ὑπογραφεῖς.
698 4404 784 4463 Num
809 4404 893 4464 forte
916 4404 1127 4465 scribendum
1150 4401 1477 4482 ἐγγληναλοιμοί·
1505 4399 1749 4481 -ὑπογράμμαιαῖ

283 4515 401 4570 laam
429 4499 569 4587 ἔγγονος
592 4508 625 4566 et
648 4500 789 4587 ἔκγονος
813 4521 877 4566 non
901 4505 1142 4582 distinguenda.
1168 4505 1214 4566 of.
1239 4499 1420 4567 Μολεῐοεο.3
1447 4505 1550 4565 1071).

429 4601 615 4689 inomao:
652 4607 730 4667 Hos,
766 4603 962 4686 ἐγγοργῶν
997 4607 1134 4685 φοβερῶς
1169 4604 1291 4685 βλέψας.
1331 4608 1422 4667 Idem
1457 4604 1749 4685 ἕγγοργώψατο·

472 4708 581 4788 γοργὸν
605 4706 655 4767 καὶ
678 4707 810 4788 φοβερὸν
834 4707 960 4788 ἔβλεψεν
983 4711 1016 4770 et
1040 4706 1403 4789 ἔγγοργωπίαοκεν·
1428 4704 1527 4779 ἀτενὲς
1547 4705 1676 4786 ἔβλεπεν.
1701 4707 1748 4767 Os.

473 4826 573 4887 supra
594 4810 837 4890 γοργώφατο.

428 4914 475 4973 Ad
501 4910 706 4991 ἔγγραφος.
731 4912 866 4973 Praeter
889 4913 1090 4974 Addenda
1109 4914 1173 4975 vid.
1195 4912 1345 4974 Wilcken
1367 4911 1488 4972 Archiv
1502 4911 1608 4972 11487
1631 4914 1697 4971 not.
1716 4914 1747 4970 1:

474 5015 563 5091 νόμος
587 5013 750 5094 ἔγγραφος,
773 5015 900 5076 iustum
923 5016 1253 5078 matrimonium.

428 5111 664 5201 ἑγγριμάσθαι
688 5112 849 5193 (οἶσαιῗγ
875 5113 1009 5197 ἐναγίσαι
1032 5123 1093 5191 τοῖς
1115 5114 1357 5194 τετελευτηκόσιν.
1381 5116 1421 5176 Η.

430 5214 627 5303 ἑλλριῦμός·
652 5218 852 5301 παροξυσμός.
877 5219 917 5280 Η.
