4234 6084
1091 656 1133 715 90

489 837 627 896 damnat
657 834 801 916 ἓρπύζεια.
832 836 970 898 Veteres
1000 839 1089 899 enirn
1122 838 1275 899 dicebant
1298 834 1391 915 ἕρπω,
1414 835 1547 915 ἕρπύσω,
1571 836 1711 915 εῗρποσα,
1734 839 1772 897 ut

489 934 577 1014 ἕλκω,
600 935 685 1014 ἕλξω,
707 938 844 1013 adiuvant,
862 937 1025 1015 εἱλκυσμαι.
1050 940 1122 1000 Vid.
1148 937 1289 999 ἕλκειν.

445 1033 566 1120 ἔρρειν.
591 1041 646 1100 ΡΝ
672 1044 722 1118 11,
750 1044 789 1102 12
823 1046 862 1111 (a.
888 1043 979 1110 350):
1013 1039 1151 1118 δωροῦμὲ
1181 1058 1228 1101 σοι
1259 1039 1311 1100 τὸν
1341 1038 1542 1119 αὐθεν[τικῶς
1574 1039 1647 1117 ἐμοῦ
1671 1038 1769 1112 depos

489 1139 584 1215 μόνου
608 1141 727 1202 εἴσοδον
750 1141 800 1202 καὶ
824 1142 928 1215 ἔξοδον
952 1141 1124 1219 ἔρουσον
1149 1143 1218 1213 (sic)
1242 1141 1283 1214 εἰς
1306 1141 1338 1201 τὸ
1363 1137 1466 1213 (=3)·
1487 1141 1662 1221 ἕκληρώθης
1682 1139 1770 1219 μέρος

489 1240 550 1319 ari,
573 1244 627 1303 ubi
650 1245 756 1306 editor
781 1245 916 1319 corrigit
940 1242 1152 1321 ἔρροοσαν,
1176 1244 1249 1305 coll.
1273 1243 1325 1303 PB
1350 1245 1426 1305 405.

444 1342 684 1422 Αάἕρρωμαι.
699 1345 865 1407 01Ρ16ο1.
881 1347 971 1406 Pers.
986 1349 1061 1407 503.
1084 1346 1326 1422 Sifivaletis,
1352 1347 1522 1421 gaudeo.
1547 1348 1627 1422 Ego
1647 1346 1769 1407 valeo

491 1451 615 1507 recte.
648 1447 735 1523 Quae
768 1463 863 1508 versa
887 1464 904 1508 e
928 1450 1065 1522 graecis.
1094 1483 1132 1491 -
1159 1447 1297 1522 Saepius
1321 1448 1416 1508 iuxta
1439 1446 1551 1527 ἔρρωσο
1578 1451 1612 1510 in
1636 1450 1771 1524 papyris

489 1564 559 1623 aeg.
592 1549 807 1623 epistularum
838 1551 1016 1626 scriptores
1047 1549 1205 1610 adhibent
1234 1550 1413 1610 formulam
1441 1548 1593 1627 ἐρρῶσθαι
1617 1569 1648 1610 σε
1671 1548 1771 1625 (ὑμᾶς)

489 1646 610 1728 εὔχομαι
633 1652 789 1720 (valere
812 1655 853 1711 te
877 1652 1023 1722 iubeo),
1050 1667 1148 1726 saepe
1167 1652 1278 1711 addito
1301 1655 1465 1723 πολλοῖς
1489 1653 1649 1731 χρόνοις
1673 1652 1769 1711 mul·

489 1753 546 1811 tis
578 1754 713 1827 annis,
748 1758 783 1814 ut
815 1754 866 1812 PB
897 1754 972 1827 948,
999 1754 1037 1812 21
1074 1753 1126 1812 PG
1152 1753 1204 1827 52,
1234 1754 1291 1826 14;
1320 1754 1373 1827 55,
1400 1754 1459 1829 26,
1486 1755 1538 1829 58,
1567 1755 1620 1827 17;
1647 1755 1689 1813 58
1715 1753 1768 1828 23,

488 1869 562 1913 raro
593 1856 720 1925 αο1λαὺς
751 1856 892 1933 χρόαοας,
923 1860 960 1915 ut
984 1856 1036 1915 PG
1060 1858 1113 1928 61,
1144 1856 1193 1915 19.
1228 1855 1332 1914 Sensu
1357 1856 1472 1915 eodem
1497 1856 1676 1930 epistulam
1699 1854 1770 1914 lati-

489 1971 567 2014 nam
594 1956 647 2015 Pa
670 1958 712 2016 62
737 1958 895 2017 claudunt
918 1958 1034 2017 verba:
1059 1958 1108 2016 ut
1138 1959 1178 2016 te
1210 1970 1281 2030 per
1312 1956 1474 2017 multos
1505 1972 1634 2017 annos
1665 1957 1768 2017 bene

492 2057 643 2117 valere.
666 2057 870 2118 -Subinde
896 2060 997 2118 etiam
1021 2058 1204 2131 iunguntur
1227 2057 1329 2118 verba
1347 2057 1461 2136 χαίρειν
1481 2056 1531 2116 καὶ
1554 2056 1714 2137 ἐρρῶσθαι.
1729 2092 1768 2100 -

491 2157 542 2217 ΡΟ
568 2158 615 2217 ΙΙΙ
640 2159 703 2219 527
729 2155 879 2237 ἐρρῶσθαι
902 2157 1025 2237 εὔχομαι
1048 2150 1081 2217 εὖ
1105 2157 1336 2237 πράττοντα.

446 2253 586 2339 ἑρσαῖος
599 2283 640 2307 =
654 2257 776 2338 ἑρσήεις.
800 2260 878 2321 ΗΘΒ.
903 2257 1055 2339 ἒρσοιῖα·
1080 2259 1227 2339 δροσώδη.

446 2360 496 2419 Ad
531 2358 656 2437 ἔρσην.
691 2361 738 2422 De
774 2363 999 2436 comparativo
1035 2358 1312 2441 ἕρσεναίτερος
1344 2363 1383 2423 cl.
1412 2363 1563 2424 Jahresh.
1596 2363 1653 2423 der
1679 2362 1769 2423 Oest.

491 2463 579 2522 arch.
605 2463 686 2523 Inst.
712 2464 726 2522 Ι
752 2464 825 2523 198.

447 2559 580 2646 Ἕρση-ς
616 2566 667 2624 vel
701 2560 839 2646 Ἔρσος.
872 2564 1036 2640 Apollinis
1067 2580 1249 2639 cognomen
1281 2567 1315 2625 in
1355 2564 1453 2626 titulo
1484 2566 1570 2625 antri
1601 2566 1698 2625 Varis
1729 2566 1773 2634 (in

492 2666 614 2735 Attica)
639 2666 766 2726 effossi:
793 2667 973 2738 Ἀπόλλωνος
992 2664 1114 2742 Ἕρσου.

300 2792 359 2847 hg,
373 2793 421 2836 319,
449 2761 647 2847 ἐρογγάνειν
668 2768 808 2828 atticum
822 2792 862 2816 =
877 2768 1002 2829 homer.
1027 2762 1244 2850 accersebat.
1269 2768 1315 2829 01.
1337 2769 1486 2829 liutheri.
1508 2769 1628 2843 Phryn.
1649 2786 1679 2844 p.
1696 2770 1770 2828 138.

445 2862 630 2949 ἔρχεσθαι,
655 2863 843 2951 ἐρχόμενος
874 2886 949 2931 cum
980 2870 1174 2944 compositis
1204 2869 1414 2930 hellenistica
1431 2894 1472 2918 =
1494 2873 1553 2929 att.
1590 2868 1676 2944 ’έοαι,
1706 2868 1770 2928 ἰών.

491 2970 604 3044 Cobet,
637 2970 717 3030 Νον.
743 2972 818 3031 1661.
843 2988 873 3046 p.
898 2973 974 3032 645.
1007 2970 1053 3030 Gi.
1080 2972 1155 3031 407.
1188 2971 1426 3046 Excipiendnm
1451 2975 1564 3031 tamen
1588 2967 1771 3048 ὑπέρχεσθαι

489 3074 551 3131 etc.
576 3086 677 3132 sensu
700 3073 923 3147 metaphorica
947 3074 1144 3147 usurpatum
1168 3072 1303 3140 (Andoc.
1327 3072 1438 3132 XXXI
1458 3074 1476 3144 5
1495 3072 1557 3145 44;
1576 3071 1670 3131 Plato
1691 3070 1770 3131 Orit.

492 3174 533 3232 53
566 3173 607 3244 F;
640 3173 732 3234 Dem.
772 3191 802 3249 p.
837 3175 913 3249 623,
939 3174 999 3247 22;
1033 3173 1141 3245 [Xon]
1173 3174 1250 3247 Rep.
1277 3175 1353 3234 Ath.
1379 3175 1398 3233 2
1423 3177 1440 3245 5
1467 3175 1519 3243 14)
1549 3172 1596 3233 (ll.
1621 3171 1771 3232 Rutberi.

490 3275 612 3347 Phryn.
644 3291 674 3350 p.
710 3276 782 3335 110.
819 3275 944 3334 Iniuria
974 3275 1138 3349 excipitur
1169 3277 1224 3334 Ar.
1256 3274 1389 3335 Thesm.
1416 3275 1491 3349 584,
1524 3274 1578 3334 ubi
1609 3289 1713 3349 nuper
1740 3289 1771 3334 v.

491 3377 651 3436 Leeuweu
670 3377 793 3450 recepit
813 3392 923 3435 meam
943 3377 1208 3436 emendationem
1223 3372 1375 3454 ιιεριέρχεα’
1390 3391 1448 3451 pro
1462 3370 1635 3454 περιήρχει’,
1649 3378 1683 3435 61
1694 3375 1770 3449 Lys.

490 3495 519 3554 p.
547 3479 620 3554 147,
646 3478 698 3553 34,
723 3478 778 3537 ubi
803 3493 878 3537 vere
902 3477 1026 3537 Dobree
1050 3474 1251 3555 ἀμπεχόμενοι
1274 3479 1418 3538 correxit
1441 3493 1499 3552 pro
1523 3477 1665 3537 absurdo
1685 3491 1770 3537 com·

488 3580 596 3654 posito
619 3576 823 3655 ἀπερχόμενοι.
843 3578 967 3638 Dubiae
991 3581 1070 3638 sunt
1088 3578 1288 3653 Thucydidis
1307 3579 1468 3641 lectiones
1494 3578 1770 3659 προσήρχοντο

490 3684 523 3741 61
564 3677 781 3758 ἐπήρχοντο
824 3679 879 3751 (IV
918 3681 980 3740 120
1022 3683 1055 3741 et
1101 3682 1173 3750 121)
1209 3684 1242 3741 et
1286 3682 1502 3757 Antiphontis
1544 3678 1771 3759 ἒπεξερχόμενος

490 3788 530 3857 (p.
559 3785 630 3857 115,
656 3785 701 3859 9),
726 3783 907 3856 dequibus
931 3798 996 3844 non
1021 3783 1126 3844 habeo
1149 3785 1236 3857 quod
1260 3782 1439 3861 affirmem,
1472 3784 1537 3844 nisi
1561 3784 1645 3858 quod
1669 3783 1771 3843 Thuc.

488 3885 532 3944 IV
559 3885 621 3944 120
652 3888 731 3959 puto
762 3901 837 3945 cum
869 3884 989 3945 Cobeto
1021 3890 1058 3945 ut
1085 3900 1199 3945 serum
1223 3886 1390 3959 glossema
1413 3886 1552 3945 delenda
1574 3900 1648 3945 esse
1672 3883 1773 3944 verba

487 3979 533 4057 αἷς
572 3984 735 4064 ἐαρρχονιο
779 3989 812 4046 61
853 3986 898 4045 IV
939 3987 998 4046 121
1045 3985 1246 4061 probabilem
1291 4001 1366 4046 esse
1408 3986 1551 4047 Pollucis
1593 3986 1771 4047 lectionem

488 4091 699 4171 apoofflclcav.

443 4187 652 4272 Ἐρχομενὸς
675 4189 745 4251 CIA
768 4190 799 4248 Ii
824 4191 876 4266 25,
906 4193 982 4259 1(6.
1008 4189 1040 4250 C.
1067 4191 1152 4260 377).
1173 4185 1395 4271 Ἐρχομὲνιος
1415 4189 1486 4253 ΟΙΑ
1506 4191 1539 4250 ΙΙ
1559 4190 1657 4265 2888,
1672 4190 1771 4265 3254,

487 4294 524 4352 ut
554 4308 574 4351 a
605 4296 712 4353 semet
741 4293 821 4367 ipsis
853 4291 1113 4367 appellabantur,
1146 4294 1262 4365 postea
1293 4284 1529 4373 Ὀρχομένιος,
1552 4284 1771 4373 Ὀρχομενός.

299 4420 416 4476 pagam,
489 4389 675 4455 Meisterh.³
699 4396 752 4469 23,
777 4398 806 4454 5.
832 4393 1081 4467 antiquioribus
1104 4394 1206 4467 igitur
1229 4394 1445 4468 scriptoribus
1468 4394 1623 4455 omnibus
1649 4393 1777 4469 priores

489 4497 614 4557 formae
644 4497 826 4557 reddendae
854 4495 982 4568 ubique.
1023 4494 1118 4569 Apud
1150 4496 1260 4570 ipsum
1303 4496 1487 4556 Homerum
1522 4496 1618 4556 hodie
1652 4496 1774 4569 legitur

488 4599 659 4673 posterior,
684 4598 807 4657 frustra
831 4598 992 4657 adversus
1015 4612 1070 4656 me
1094 4597 1230 4657 defensa
1255 4613 1274 4658 a
1297 4598 1504 4658 Leeuwenio.

443 4695 534 4781 ἕρχω
563 4715 620 4775 pro
649 4691 707 4775 εἶμι
734 4699 852 4760 Persae
880 4713 995 4773 graece
1023 4697 1237 4760 balbutientis
1265 4699 1491 4760 barbarismus
1518 4702 1603 4776 apud
1627 4701 1772 4761 Timoth.

489 4802 578 4861 Pera.
606 4803 667 4861 166
692 4798 726 4858 τὰ
749 4797 838 4859 λοιπὰ
862 4795 889 4859 δ’
917 4797 1028 4872 οὐκέτι,
1056 4800 1161 4880 πάτερ,
1185 4799 1285 4862 οὐκέτι
1309 4795 1430 4879 μάχεσθ’
1457 4792 1541 4874 αὖτις
1566 4800 1663 4862 ἕνθάδ
1686 4799 1772 4880 ἕρχω.

489 4902 536 4964 Cf.
562 4901 681 4961 μάθω.

444 5001 552 5087 &pota
575 5002 841 5081 aeolice=tpni
867 5002 1001 5090 (ἐρμήῖ).
1026 5006 1163 5069 Theocr.
1188 5004 1283 5065 XXX
1307 5006 1336 5066 7.

488 5108 538 5166 Ad
573 5104 727 5183 ἕρριᾶν.
762 5106 886 5167 Eadem
921 5108 1086 5169 invitandi
1121 5106 1264 5170 formula
1299 5110 1351 5167 est
1384 5107 1436 5168 ΡΟ
1468 5108 1515 5167 ΙΙΙ
1546 5108 1611 5168 523
1643 5110 1677 5167 61
1708 5106 1774 5168 524

490 5215 588 5282 (saec.
614 5209 646 5267 11
670 5224 700 5283 p.
726 5207 782 5280 (1.).
