4234 6084
1098 655 1161 715 234

467 842 516 901 Ad
541 840 659 919 χάλις.
685 841 731 903 Of.
755 841 904 916 Dionysii
927 842 1047 917 perteg.
1075 858 1122 902 vs.
1148 840 1212 900 948
1236 832 1449 916 ἀκροχάλιξ
1474 833 1501 898 δ’
1528 839 1600 925 οἴνῳ
1623 838 1672 901 ιιτέ

465 938 633 1024 χαλκεῖον
657 944 924 1018 distinguendum
950 960 970 1004 a
991 939 1149 1026 χαλκίον.
1175 933 1358 1002 Meisterh.³
1381 942 1423 1001 53
1448 944 1482 1001 et
1505 943 1558 1002 55.

321 1057 441 1114 repom.
468 1039 654 1125 χαλκεύειν
678 1044 817 1121 figurate
840 1045 1061 1107 fabricari.
1086 1045 1157 1105 Vid.
1181 1060 1208 1104 s.
1234 1061 1264 1105 v.
1288 1043 1502 1120 κύμβαλον.

465 1147 514 1206 Ad
539 1145 738 1224 χαλκήιον.
763 1147 927 1208 Herodoto
951 1147 995 1206 IV
1020 1148 1058 1207 81
1086 1149 1120 1208 ot
1146 1147 1208 1206 135
1233 1144 1437 1205 reddendum
1461 1144 1592 1204 videtur
1613 1145 1744 1222 χαλκίον.

464 1241 667 1330 χαλκιόεός·
701 1248 795 1321 δειλός
809 1252 856 1319 (i).
881 1249 922 1309 H.
954 1249 1155 1323 Expectntur
1177 1246 1300 1326 λόγιος,-
1331 1245 1406 1307 coli.
1428 1246 1578 1307 eiusdem
1601 1246 1645 1321 gl.
1669 1241 1790 1327 χαλκι·

510 1346 615 1425 δόξαν
639 1355 733 1420 (com.
758 1366 800 1412 an
821 1351 859 1411 tr.
882 1350 1027 1411 CLXXX
1046 1348 1169 1427 Mein.)·
1194 1344 1253 1407 ἀπὸ
1276 1355 1336 1406 τῶν
1358 1342 1417 1406 κατ’
1445 1344 1585 1426 Εὔβοιαν
1609 1346 1791 1409 Χαλκιδέων.

508 1450 623 1510 τίθεται
654 1447 686 1511 δὲ
717 1452 767 1514 καὶ
798 1449 846 1512 eo
876 1460 935 1511 τῶν
967 1450 1265 1529 παιόνραστσόντων,
1295 1446 1358 1508 ἐπεὶ
1389 1446 1569 1521 ἐπλεόναζον
1595 1445 1663 1528 παρ’
1689 1448 1791 1523 αὐτοῖς

510 1552 541 1610 οἱ
568 1550 704 1612 perornet
733 1550 845 1631 ἔρωτες.
877 1554 963 1614 Fieri
990 1556 1104 1615 tomen
1135 1554 1246 1628 potest
1276 1554 1312 1611 ut
1344 1550 1524 1612 eorundem
1548 1552 1682 1627 ignavia
1704 1555 1793 1613 nota·

511 1656 601 1714 retur
625 1670 644 1715 a
667 1655 813 1716 comicis.

392 1751 395 1757 ’
465 1750 685 1836 χαλκιδικός·
710 1749 789 1827 εἶδος
813 1753 1019 1835 ἀλεκτρυόνος.
1044 1756 1085 1816 Η.

465 1852 762 1941 χαλκσόεσμωπὴρ
775 1860 826 1929 (1)·
851 1856 1066 1937 χαλκόόεσμος,
1089 1854 1152 1916 ἐπεὶ
1175 1855 1303 1916 ὥπλιστσ
1316 1901 1424 1914 ......
1436 1853 1549 1935 λέγεται
1579 1852 1611 1916 ot
1634 1853 1685 1916 καὶ
1706 1852 1791 1939 χαλ·

511 1955 748 2041 καδεαμήτωρ,
772 1975 855 2034 quoe
879 1959 991 2036 procul
1014 1958 1113 2020 dubio
1136 1958 1281 2034 genuina
1304 1960 1356 2019 est
1378 1957 1485 2019 lectio.
1509 1958 1550 2019 Η.

466 2054 671 2140 χαλκοκρόις
694 2066 747 2131 (ex
771 2060 877 2139 χαλκός
901 2064 934 2122 et
957 2061 1055 2139 κάρη).
1081 2062 1226 2122 Timoth.
1251 2060 1340 2122 Pers.
1366 2062 1419 2137 30,
1444 2062 1589 2137 sagittae
1613 2061 1793 2136 epitheton.

511 2162 582 2224 Vid.
607 2179 707 2237 supro
730 2179 756 2225 s.
782 2180 813 2224 v.
838 2161 1163 2242 νινρεπέντιιτος.

464 2258 670 2345 χαλκόκρας
693 2265 803 2341 (vulgo
827 2264 1005 2346 χαλκοκρός,
1027 2282 1047 2326 a
1072 2282 1101 2327 v.
1130 2266 1338 2344 κεραννύναι)·
1363 2264 1564 2344 χαλκόκρατσν
1592 2264 1733 2343 νόμισμα.
1752 2266 1791 2325 Η.

510 2363 557 2425 Of.
582 2363 697 2445 εὔνμας.

464 2461 715 2549 χαλκόκροτος·
739 2463 758 2544 ἡ
778 2463 851 2529 Ῥέα·
876 2467 926 2529 διὰ
949 2467 984 2529 τὰ
1007 2470 1155 2548 κύμβαλα.
1180 2470 1221 2532 Η.
1248 2469 1320 2530 vid.
1345 2469 1462 2531 lexico.

322 2586 439 2644 rupem.
467 2570 516 2629 Ad
552 2569 702 2648 χαλκός.
738 2571 848 2633 Etiam
883 2572 916 2633 in
952 2574 1103 2648 Aegypto
1137 2588 1291 2633 sermone
1321 2573 1470 2648 populari
1504 2573 1565 2633 hoo
1595 2571 1791 2633 vocabulum

510 2687 608 2747 saepe
631 2673 763 2747 ponitur
785 2690 843 2749 pro
866 2670 1026 2754 ἀργύριον,
1049 2675 1231 2751 pecunia
1254 2692 1284 2735 v.
1309 2692 1336 2736 o.
1360 2675 1412 2734 PB
1436 2676 1512 2751 822,
1539 2677 1577 2735 11
1603 2670 1716 2750 ὀφείλει
1737 2673 1793 2753 γάρ

510 2795 559 2851 μοι
592 2772 701 2852 χαλκόν
731 2772 796 2833 ἀντὶ
826 2784 885 2835 τῶν
917 2772 1055 2836 ἕνσνκίων
1088 2781 1184 2846 (saec.
1217 2777 1249 2836 II
1281 2793 1311 2851 p.
1338 2771 1396 2855 G.).
1428 2775 1475 2837 Of.
1500 2776 1551 2837 ΡΟ
1577 2777 1724 2852 111530,
1751 2777 1793 2836 30

510 2891 557 2950 sq.
591 2871 752 2957 (eiusdem
777 2880 852 2947 aet.)
882 2878 916 2938 et
948 2879 1023 2955 533,
1050 2879 1103 2939 22.
1129 2911 1168 2919 -
1193 2878 1240 2938 De
1265 2878 1457 2939 aerifodinis
1481 2879 1545 2939 vid.
1570 2879 1708 2954 Bersrd,
1733 2879 1794 2939 Les

511 2979 612 3039 Phen.
638 2982 671 3039 et
694 2979 777 3039 l’od.
803 2979 817 3038 1
842 2995 871 3054 p.
897 2980 961 3041 457
987 2996 1057 3055 sqq.

468 3074 1047 3163 χαλκωματασργόςεχαλιιουρμός.
1079 3082 1213 3143 Wiener
1243 3082 1423 3143 Denlrsohr.
1454 3084 1550 3158 1880,
1585 3083 1647 3143 182
1672 3085 1706 3143 et
1732 3084 1791 3143 194

511 3175 609 3260 (saec.
635 3182 682 3240 ΙΙΙ
705 3198 734 3256 p.
757 3181 801 3253 O.)
826 3179 969 3261 παρέσχες
991 3188 1053 3255 τοῖς
1077 3187 1400 3262 χαλκωμ(α)ι(ουργοῖς)
1425 3186 1458 3244 et
1487 3188 1793 3264 χαλκομαμανργοῑι).

510 3282 668 3343 Similiter
688 3282 825 3345 Oronert
845 3284 890 3347 Ol.
911 3302 980 3346 rev.
1005 3287 1178 3363 1903,197
1201 3285 1313 3361 explet
1325 3287 1381 3346 PK
1394 3288 1502 3363 221,2
1523 3290 1584 3359 τοῖς
1596 3290 1728 3365 χαλιομ(
1771 3290 1792 3357 ).

465 3379 694 3467 χαλκωτῆρα·
720 3383 847 3463 κόμαμός
872 3410 923 3459 τις.
948 3388 989 3448 Η.

465 3483 599 3572 χάλχηι
626 3485 840 3574 Καλχηδών,
865 3485 996 3574 χόλκη.
1021 3491 1093 3551 Vid.
1117 3505 1217 3566 supra
1240 3488 1376 3566 ιιάλχη,
1401 3489 1626 3569 Καλχηδών.

465 3583 551 3671 χᾶμ’
565 3616 605 3639 =
619 3588 669 3649 καὶ
692 3587 747 3667 ἁμέ
761 3617 802 3642 =
816 3590 865 3651 καὶ
889 3588 975 3669 ἡμᾶς.
1000 3593 1085 3653 Laco
1109 3593 1165 3652 Ar.
1189 3593 1266 3665 Lys.
1295 3593 1391 3652 1244.

464 3687 681 3772 χαμαιλέων.
713 3694 757 3755 De
789 3695 1025 3771 superstitione
1057 3696 1143 3755 circa
1173 3695 1257 3755 hanc
1288 3692 1463 3755 bestiolam
1493 3693 1721 3755 memorabilis
1744 3696 1795 3755 est

509 3793 600 3854 loeus
624 3794 750 3856 Libenii
775 3798 828 3858 Or.
852 3798 867 3856 Ι
891 3800 909 3869 5
934 3798 998 3856 249
1022 3812 1072 3870 sq.

464 3900 700 3977 χαμαιρεπῶς·
725 3898 918 3976 χαμαιζήλως.
943 3899 984 3958 Η.

467 3998 517 4057 Ad
540 3999 723 4076 χαμεύνη.
748 3999 879 4076 corrige
902 4000 1081 4079 χάμευνα
1101 4016 1159 4075 pro
1182 4001 1324 4079 χαμεύνα.
1349 4000 1396 4061 of.
1421 3996 1604 4061 Μαλελεήλ)
1632 4000 1705 4076 119,
1731 4002 1762 4060 3.

321 4116 441 4173 Paesto
468 4095 575 4180 χάνα·
600 4100 752 4179 χάσμησις.
776 4103 816 4163 Η.
848 4104 969 4178 Perger
997 4118 1055 4179 pro
1087 4102 1197 4181 χανό·
1221 4101 1373 4181 κόσμησις.
1398 4102 1444 4165 (λλ.
1470 4101 1587 4181 χιόνος
1611 4100 1794 4179 (πχόσμα)ι

514 4201 605 4277 στόμα
630 4205 662 4263 et
685 4203 862 4280 χανόειν·
887 4205 964 4282 βοᾶν
988 4205 1074 4280 apud
1099 4205 1250 4265 eundem.

467 4299 605 4384 χανδόν.
630 4304 703 4365 vid.
727 4305 904 4383 χλευόόν.

468 4402 630 4489 χανητός·
656 4404 688 4465 τὸ
716 4404 763 4467 ἐπὶ
788 4407 842 4486 τὴν
867 4408 985 4486 ἅμαξαν
1009 4404 1217 4484 ἐπιτιθέμενον
1240 4406 1362 4488 πλέγμα.
1386 4410 1427 4469 Η.

467 4507 545 4567 Dete
568 4504 724 4589 χάρασος
749 4514 811 4572 eto.
837 4513 871 4571 et
893 4510 1058 4571 substitue
1082 4503 1464 4591 χαραόεόςεχαράδρα.
1488 4512 1545 4570 ΤΗ
1572 4511 1645 4571 186.

467 4607 669 4691 χαραδριός,
692 4612 764 4672 avis
784 4611 948 4688 fabulosa,
971 4627 1069 4685 quam
1091 4612 1230 4671 eandem
1250 4628 1323 4672 esse
1343 4614 1536 4673 aeiudicam
1556 4612 1796 4675 heredrevt

512 4711 700 4785 suspicatus
732 4717 783 4774 est
811 4713 881 4775 Car.
913 4714 1006 4774 Pauli
1037 4715 1071 4773 in
1099 4714 1223 4774 Kuhnii
1251 4715 1354 4775 diario
1378 4715 1455 4774 XVI
1477 4731 1508 4790 p.
1534 4717 1677 4777 50--53.
1702 4716 1796 4777 Hanc

510 4814 713 4875 sententiam
747 4816 845 4876 novis
875 4816 1083 4891 argumentis
1115 4817 1262 4877 stabilire
1293 4833 1397 4892 nuper
1427 4819 1567 4878 conatus
1590 4820 1643 4879 est
1665 4818 1694 4878 J.
1719 4818 1795 4878 Hui·

511 4918 608 4993 zinga
630 4917 663 4976 in
689 4916 781 4978 Actis
805 4918 904 4979 Acad.
931 4934 996 4993 reg.
1022 4918 1151 4978 Nederl.
1176 4935 1207 4979 n.
1232 4936 1259 4979 S.
1285 4919 1313 4977 V
1336 4914 1377 4978 n⁰
1401 4921 1431 4979 3.

463 5016 659 5103 χαρακτήρ,
685 5015 713 5081 ὁ.
738 5020 809 5080 Νοα
832 5019 941 5079 solum
965 5023 1080 5081 uotam
1105 5022 1254 5081 nummis
1278 5022 1416 5081 incisam
1442 5021 1589 5097 denotat,
1614 5022 1795 5083 sedetiam

471 5175 473 5180 .
510 5122 672 5181 rationem
709 5120 928 5182 monetoriam
965 5121 1135 5197 tetarlon,
1172 5122 1414 5192 Munziuss).
1451 5123 1497 5183 Of.
1534 5123 1724 5201 Holwerda‚
1761 5126 1795 5187 in

511 5222 616 5285 Albo
642 5221 892 5285 Gratulario
917 5222 999 5283 mihi
1022 5221 1132 5283 oblato
1155 5239 1185 5299 p.
1215 5223 1276 5282 109
1300 5238 1348 5300 sq.
